@article{bobrow1977gus,
  title={GUS, a frame-driven dialog system},
  author={Bobrow, Daniel G and Kaplan, Ronald M and Kay, Martin and Norman, Donald A and Thompson, Henry and Winograd, Terry},
  journal={Artificial intelligence},
  volume={8},
  number={2},
  pages={155--173},
  year={1977},
  publisher={Elsevier},
  url={https://nlp.stanford.edu/acvogel/gus.pdf}
}

@article{williams2016dialog,
  title={The dialog state tracking challenge series: A review},
  author={Williams, Jason D and Raux, Antoine and Henderson, Matthew},
  journal={Dialogue \& Discourse},
  volume={7},
  number={3},
  pages={4--33},
  year={2016},
  url={https://journals.uic.edu/ojs/index.php/dad/article/download/10729/9497},
}

@inproceedings{lai2020simple,
  title={A simple but effective bert model for dialog state tracking on resource-limited systems},
  author={Lai, Tuan Manh and Tran, Quan Hung and Bui, Trung and Kihara, Daisuke},
  booktitle={ICASSP 2020-2020 IEEE International Conference on Acoustics, Speech and Signal Processing (ICASSP)},
  pages={8034--8038},
  year={2020},
  organization={IEEE},
  url={https://arxiv.org/pdf/1910.12995.pdf}
}

@article{zhong2018global,
  title={Global-locally self-attentive dialogue state tracker},
  author={Zhong, Victor and Xiong, Caiming and Socher, Richard},
  journal={arXiv preprint arXiv:1805.09655},
  year={2018},
  url={https://arxiv.org/pdf/1805.09655.pdf}
}

@inproceedings{nayak2017plan,
  title={To Plan or not to Plan? Discourse Planning in Slot-Value Informed Sequence to Sequence Models for Language Generation.},
  author={Nayak, Neha and Hakkani-T{\"u}r, Dilek and Walker, Marilyn A and Heck, Larry P},
  booktitle={INTERSPEECH},
  pages={3339--3343},
  year={2017},
  url={https://users.soe.ucsc.edu/~maw/papers/spd-intsp-v19.pdf}
}

@article{hosseini2020simple,
  title={A simple language model for task-oriented dialogue},
  author={Hosseini-Asl, Ehsan and McCann, Bryan and Wu, Chien-Sheng and Yavuz, Semih and Socher, Richard},
  journal={Advances in Neural Information Processing Systems},
  volume={33},
  pages={20179--20191},
  year={2020},
  url={https://arxiv.org/pdf/2005.00796.pdf}
}

@article{mosig2020star,
  title={Star: A schema-guided dialog dataset for transfer learning},
  author={Mosig, Johannes EM and Mehri, Shikib and Kober, Thomas},
  journal={arXiv preprint arXiv:2010.11853},
  year={2020},
  url={https://arxiv.org/pdf/2010.11853.pdf}
}

@inproceedings{rastogi2020towards,
  title={Towards scalable multi-domain conversational agents: The schema-guided dialogue dataset},
  author={Rastogi, Abhinav and Zang, Xiaoxue and Sunkara, Srinivas and Gupta, Raghav and Khaitan, Pranav},
  booktitle={Proceedings of the AAAI conference on artificial intelligence},
  volume={34},
  number={05},
  pages={8689--8696},
  year={2020},
  url={https://arxiv.org/pdf/1909.05855.pdf}
}

@inproceedings{lee2022sgd,
  title={SGD-X: A Benchmark for Robust Generalization in Schema-Guided Dialogue Systems},
  author={Lee, Harrison and Gupta, Raghav and Rastogi, Abhinav and Cao, Yuan and Zhang, Bin and Wu, Yonghui},
  booktitle={Proceedings of the AAAI Conference on Artificial Intelligence},
  volume={36},
  number={10},
  pages={10938--10946},
  year={2022},
  url={https://arxiv.org/pdf/2110.06800.pdf}
}


@book{mctear2022conversational,
  title={Conversational {AI}: Dialogue systems, conversational agents, and chatbots},
  author={McTear, Michael},
  year={2022},
  publisher={Springer Nature}
}

@unpublished{jurafsky2023speech,
  title={Speech and language processing (3rd ed. draft)},
  author={Jurafsky, Daniel and Martin, James H},
  year={2023},
  url={https://web.stanford.edu/~jurafsky/slp3/}
}
