@article{bengio2003neural,
  title={A neural probabilistic language model},
  author={Bengio, Yoshua and Ducharme, R{\'e}jean and Vincent, Pascal and Jauvin, Christian},
  journal={Journal of machine learning research},
  volume=3,
  pages={1137--1155},
  year=2003,
  url={https://bit.ly/3rkKa4M}
}

@article{mikolov2013efficient,
  title={Efficient estimation of word representations in vector space},
  author={Mikolov, Tomas and Chen, Kai and Corrado, Greg and Dean, Jeffrey},
  journal={arXiv preprint arXiv:1301.3781},
  year={2013},
  url={https://arxiv.org/pdf/1301.3781.pdf}
}

@article{levy2014neural,
  title={Neural word embedding as implicit matrix factorization},
  author={Levy, Omer and Goldberg, Yoav},
  journal={Advances in neural information processing systems},
  volume=27,
  pages={2177--2185},
  year=2014,
  url={https://www.aclweb.org/anthology/Q15-1016.pdf}
}

@article{arora2016latent,
    title = "A Latent Variable Model Approach to {PMI}-based Word Embeddings",
    author = "Arora, Sanjeev  and
      Li, Yuanzhi  and
      Liang, Yingyu  and
      Ma, Tengyu  and
      Risteski, Andrej",
    journal = "Transactions of the Association for Computational Linguistics",
    volume = "4",
    year = "2016",
    address = "Cambridge, MA",
    publisher = "MIT Press",
    url = "https://aclanthology.org/Q16-1028",
    doi = "10.1162/tacl_a_00106",
    pages = "385--399"
}

@unpublished{jurafsky2019speech,
  title={Speech and language processing (3rd ed. draft)},
  author={Jurafsky, Daniel and Martin, James H},
  year={2019},
  url={https://web.stanford.edu/~jurafsky/slp3/}
}

@inproceedings{mikolov2013linguistic,
    title = "Linguistic Regularities in Continuous Space Word Representations",
    author = "Mikolov, Tomas  and
      Yih, Wen-tau  and
      Zweig, Geoffrey",
    booktitle = "Proceedings of the 2013 Conference of the North {A}merican Chapter of the Association for Computational Linguistics: Human Language Technologies",
    month = jun,
    year = "2013",
    address = "Atlanta, Georgia",
    publisher = "Association for Computational Linguistics",
    url = "https://aclanthology.org/N13-1090",
    pages = "746--751",
}
@article{levy2015improving,
  title={Improving distributional similarity with lessons learned from word embeddings},
  author={Levy, Omer and Goldberg, Yoav and Dagan, Ido},
  journal={Transactions of the Association for Computational Linguistics},
  volume=3,
  pages={211--225},
  year=2015,
  publisher={MIT Press},
  url={https://www.aclweb.org/anthology/Q15-1016.pdf}
}

@article{heinzerling2017bpemb,
  title={BPEmb: Tokenization-free pre-trained subword embeddings in 275 languages},
  author={Heinzerling, Benjamin and Strube, Michael},
  journal={arXiv preprint arXiv:1710.02187},
  year={2017},
  url={http://www.lrec-conf.org/proceedings/lrec2018/pdf/1049.pdf}
}
@article{mikolov2013distributed,
  title={Distributed representations of words and phrases and their compositionality},
  author={Mikolov, Tomas and Sutskever, Ilya and Chen, Kai and Corrado, Greg S and Dean, Jeff},
  journal={Advances in neural information processing systems},
  volume=26,
  pages={3111--3119},
  year=2013,
  url={https://bit.ly/2WxL8MT}
}

@inproceedings{pennington2014glove,
  title={Glove: Global vectors for word representation},
  author={Pennington, Jeffrey and Socher, Richard and Manning, Christopher D},
  booktitle={Proceedings of the 2014 conference on empirical methods in natural language processing (EMNLP)},
  pages={1532--1543},
  year={2014},
  url={https://nlp.stanford.edu/pubs/glove.pdf}
}

@article{bojanowski2017enriching,
  title={Enriching word vectors with subword information},
  author={Bojanowski, Piotr and Grave, Edouard and Joulin, Armand and Mikolov, Tomas},
  journal={Transactions of the Association for Computational Linguistics},
  volume={5},
  pages={135--146},
  year={2017},
  publisher={MIT Press}
}

