@misc{brown2020language,
      title={Language Models are Few-Shot Learners}, 
      author={Tom B. Brown and Benjamin Mann and Nick Ryder and Melanie Subbiah and Jared Kaplan and Prafulla Dhariwal and Arvind Neelakantan and Pranav Shyam and Girish Sastry and Amanda Askell and Sandhini Agarwal and Ariel Herbert-Voss and Gretchen Krueger and Tom Henighan and Rewon Child and Aditya Ramesh and Daniel M. Ziegler and Jeffrey Wu and Clemens Winter and Christopher Hesse and Mark Chen and Eric Sigler and Mateusz Litwin and Scott Gray and Benjamin Chess and Jack Clark and Christopher Berner and Sam McCandlish and Alec Radford and Ilya Sutskever and Dario Amodei},
      year={2020},
      eprint={2005.14165},
      archivePrefix={arXiv},
      primaryClass={cs.CL}
}

@misc{askell2021general,
      title={A General Language Assistant as a Laboratory for Alignment}, 
      author={Amanda Askell and Yuntao Bai and Anna Chen and Dawn Drain and Deep Ganguli and Tom Henighan and Andy Jones and Nicholas Joseph and Ben Mann and Nova DasSarma and Nelson Elhage and Zac Hatfield-Dodds and Danny Hernandez and Jackson Kernion and Kamal Ndousse and Catherine Olsson and Dario Amodei and Tom Brown and Jack Clark and Sam McCandlish and Chris Olah and Jared Kaplan},
      year={2021},
      eprint={2112.00861},
      archivePrefix={arXiv},
      primaryClass={cs.CL}
}

@inproceedings{reynolds2021prompt,
  title={Prompt programming for large language models: Beyond the few-shot paradigm},
  author={Reynolds, Laria and McDonell, Kyle},
  booktitle={Extended Abstracts of the 2021 CHI Conference on Human Factors in Computing Systems},
  pages={1--7},
  year={2021},
  url={https://arxiv.org/pdf/2102.07350.pdf}
}

@article{wei2021finetuned,
  title={Finetuned language models are zero-shot learners},
  author={Wei, Jason and Bosma, Maarten and Zhao, Vincent Y and Guu, Kelvin and Yu, Adams Wei and Lester, Brian and Du, Nan and Dai, Andrew M and Le, Quoc V},
  journal={arXiv preprint arXiv:2109.01652},
  year={2021},
  url={https://arxiv.org/pdf/2109.01652.pdf}
}

@article{wang2022self,
  title={Self-instruct: Aligning language model with self generated instructions},
  author={Wang, Yizhong and Kordi, Yeganeh and Mishra, Swaroop and Liu, Alisa and Smith, Noah A and Khashabi, Daniel and Hajishirzi, Hannaneh},
  journal={arXiv preprint arXiv:2212.10560},
  year={2022},
  url={https://arxiv.org/pdf/2212.10560.pdf}
}

@article{wang2022super,
  title={Super-naturalinstructions: Generalization via declarative instructions on 1600+ nlp tasks},
  author={Wang, Yizhong and Mishra, Swaroop and Alipoormolabashi, Pegah and Kordi, Yeganeh and Mirzaei, Amirreza and Arunkumar, Anjana and Ashok, Arjun and Dhanasekaran, Arut Selvan and Naik, Atharva and Stap, David and others},
  journal={arXiv preprint arXiv:2204.07705},
  year={2022},
  url={https://arxiv.org/pdf/2204.07705.pdf}
}

@article{ouyang2022training,
  title={Training language models to follow instructions with human feedback, 2022},
  author={Ouyang, Long and Wu, Jeff and Jiang, Xu and Almeida, Diogo and Wainwright, Carroll L and Mishkin, Pamela and Zhang, Chong and Agarwal, Sandhini and Slama, Katarina and Ray, Alex and others},
  journal={URL https://arxiv. org/abs/2203.02155},
  volume={13},
  year={2022},
  url={https://arxiv.org/pdf/2203.02155.pdf}
}

@misc{ppo,
      title={Proximal Policy Optimization (PPO)}, 
      author={Simonini, Thomas},
      year={2022},
      url={https://huggingface.co/blog/deep-rl-ppo#the-intuition-behind-ppo},
}

@misc{xinzhe2023call,
      title={How to Use OpenAIâ€™s Chat Completion API with Python}, 
      author={Li, Xinzhe},
      year={2023},
      url={https://levelup.gitconnected.com/a-beginners-guide-to-using-the-chatgpt-api-in-python-29c57775113b},
}

@article{rafailov2024direct,
  title={Direct preference optimization: Your language model is secretly a reward model},
  author={Rafailov, Rafael and Sharma, Archit and Mitchell, Eric and Manning, Christopher D and Ermon, Stefano and Finn, Chelsea},
  journal={Advances in Neural Information Processing Systems},
  volume={36},
  year={2024}
}
