@book{mackay2003information,
  title={Information theory, inference and learning algorithms},
  author={MacKay, David JC},
  year={2003},
  publisher={Cambridge University Press},
  url={http://www.inference.org.uk/mackay/itila/}
}

@article{ghelani2019word,
  title={From Word Embeddings to Pretrained Language Modelsâ€”A New Age in NLP-Part 1},
  author={Ghelani, Shreya},
  journal={Blogpost: Towards Data Science},
  year={2019},
  url={https://shorturl.at/iluJ2}
}

@misc{demszky2020goemotions,
      title={GoEmotions: A Dataset of Fine-Grained Emotions}, 
      author={Dorottya Demszky and Dana Movshovitz-Attias and Jeongwoo Ko and Alan Cowen and Gaurav Nemade and Sujith Ravi},
      year={2020},
      eprint={2005.00547},
      archivePrefix={arXiv},
      primaryClass={cs.CL},
      url={https://arxiv.org/abs/2005.00547}
}

@Online{great_learning2022pos_hmm,
  author = 	 {{Great Learning Team}},
  title = 	 {Part of Speech (POS) tagging with Hidden Markov Model},
  date = 	 2022,
  url = 	 {https://www.mygreatlearning.com/blog/pos-tagging/},
  note = 	 {Blog post.}}

