@inproceedings{abadji-etal-2022-towards,
    title = "Towards a Cleaner Document-Oriented Multilingual Crawled Corpus",
    author = "Abadji, Julien  and
      Ortiz Suarez, Pedro  and
      Romary, Laurent  and
      Sagot, Benoit",
    editor = "Calzolari, Nicoletta  and
      Béchet, Frédéric  and
      Blache, Philippe  and
      Choukri, Khalid  and
      Cieri, Christopher  and
      Declerck, Thierry  and
      Goggi, Sara  and
      Isahara, Hitoshi  and
      Maegaard, Bente  and
      Mariani, Joseph  and
      Mazo, Hélène  and
      Odijk, Jan  and
      Piperidis, Stelios",
    booktitle = "Proceedings of the Thirteenth Language Resources and Evaluation Conference",
    month = jun,
    year = "2022",
    address = "Marseille, France",
    publisher = "European Language Resources Association",
    url = "https://aclanthology.org/2022.lrec-1.463",
    pages = "4344--4355",
}

@inproceedings{	Chen:2024,
    title = "Agent-{FLAN}: Designing Data and Methods of Effective Agent Tuning for Large Language Models",
    author = "Chen, Zehui  and
      Liu, Kuikun  and
      Wang, Qiuchen  and
      Zhang, Wenwei  and
      Liu, Jiangning  and
      Lin, Dahua  and
      Chen, Kai  and
      Zhao, Feng",
    editor = "Ku, Lun-Wei  and
      Martins, Andre  and
      Srikumar, Vivek",
    booktitle = "Findings of the Association for Computational Linguistics: ACL 2024",
    month = aug,
    year = "2024",
    address = "Bangkok, Thailand",
    publisher = "Association for Computational Linguistics",
    url = "https://aclanthology.org/2024.findings-acl.557/",
    doi = "10.18653/v1/2024.findings-acl.557",
    pages = "9354--9366"
}

@online{DatabricksBlog2023DollyV2,
    author    = {Mike Conover and Matt Hayes and Ankit Mathur and Jianwei Xie and Jun Wan and Sam Shah and Ali Ghodsi and Patrick Wendell and Matei Zaharia and Reynold Xin},
    title     = {Free Dolly: Introducing the World's First Truly Open Instruction-Tuned LLM},
    year      = {2023},
    url       = {https://www.databricks.com/blog/2023/04/12/dolly-first-open-commercially-viable-instruction-tuned-llm},
    urldate   = {2023-06-30}
}

@misc{gao2020pile,
  title={The pile: An 800gb dataset of diverse text for language modeling},
  author={Gao, Leo and Biderman, Stella and Black, Sid and Golding, Laurence and Hoppe, Travis and Foster, Charles and Phang, Jason and He, Horace and Thite, Anish and Nabeshima, Noa and others},
  eprint={2101.00027},
  archivePrefix={arXiv},
  primaryClass={cs.CL},
  year={2020}
}

@misc{Gokaslan2019OpenWeb,
  title={OpenWebText Corpus},
  author={Aaron Gokaslan and Vanya Cohen and Ellie Pavlick and Stefanie Tellex},
  howpublished={\url{http://Skylion007.github.io/OpenWebTextCorpus}},
  year={2019}
}

@inproceedings{	Gregoire:2024,
	author = {Mialon, Grégoire and Fourrier, Clémentine and Wolf, Thomas and LeCun, Yann and Scialom, Thomas},
	booktitle = {International Conference on Representation Learning},
	editor = {Kim, B. and Yue, Y. and Chaudhuri, S. and Fragkiadaki, K. and Khan, M. and Sun, Y.},
	pages = {9025–9049},
	title = {GAIA: a benchmark for General AI Assistants},
	url = {https://proceedings.iclr.cc/paper_files/paper/2024/file/25ae35b5b1738d80f1f03a8713e405ec-Paper-Conference.pdf},
	volume = {2024},
	year = {2024}
}

@inproceedings{gururangan-etal-2018-annotation,
    title = "Annotation Artifacts in Natural Language Inference Data",
    author = "Gururangan, Suchin  and
      Swayamdipta, Swabha  and
      Levy, Omer  and
      Schwartz, Roy  and
      Bowman, Samuel  and
      Smith, Noah A.",
    editor = "Walker, Marilyn  and
      Ji, Heng  and
      Stent, Amanda",
    booktitle = "Proceedings of the 2018 Conference of the North {A}merican Chapter of the Association for Computational Linguistics: Human Language Technologies, Volume 2 (Short Papers)",
    month = jun,
    year = "2018",
    address = "New Orleans, Louisiana",
    publisher = "Association for Computational Linguistics",
    url = "https://aclanthology.org/N18-2017",
    doi = "10.18653/v1/N18-2017",
    pages = "107--112"
}

@inproceedings{hendrycks2021measuring,
  title={Measuring Massive Multitask Language Understanding},
  author={Dan Hendrycks and Collin Burns and Steven Basart and Andy Zou and Mantas Mazeika and Dawn Song and Jacob Steinhardt},
  booktitle={International Conference on Learning Representations},
  year={2021},
  url={https://openreview.net/forum?id=d7KBjmI3GmQ}
}

@inproceedings{hoffmann2022an,
  title={An empirical analysis of compute-optimal large language model training},
  author={Jordan Hoffmann and Sebastian Borgeaud and Arthur Mensch and Elena Buchatskaya and Trevor Cai and Eliza Rutherford and Diego de las Casas and Lisa Anne Hendricks and Johannes Welbl and Aidan Clark and Tom Hennigan and Eric Noland and Katherine Millican and George van den Driessche and Bogdan Damoc and Aurelia Guy and Simon Osindero and Karen Simonyan and Erich Elsen and Oriol Vinyals and Jack William Rae and Laurent Sifre},
  booktitle={Advances in Neural Information Processing Systems},
  editor={Alice H. Oh and Alekh Agarwal and Danielle Belgrave and Kyunghyun Cho},
  year={2022},
  url={https://openreview.net/forum?id=iBBcRUlOAPR}
}

@inproceedings{laurencon2022the,
  title={The BigScience {ROOTS} Corpus: A 1.6{TB} Composite Multilingual Dataset},
  author={Hugo Laurençon and Lucile Saulnier and Thomas Wang and Christopher Akiki and Albert Villanova del Moral and Teven Le Scao and Leandro Von Werra and Chenghao Mou and Eduardo Gonz{\'a}lez Ponferrada and Huu Nguyen and J{\"o}rg Frohberg and Mario {\v{S}}a{\v{s}}ko and Quentin Lhoest and Angelina McMillan-Major and G{\'e}rard Dupont and Stella Biderman and Anna Rogers and Loubna Ben allal and Francesco De Toni and Giada Pistilli and Olivier Nguyen and Somaieh Nikpoor and Maraim Masoud and Pierre Colombo and Javier de la Rosa and Paulo Villegas and Tristan Thrush and Shayne Longpre and Sebastian Nagel and Leon Weber and Manuel Romero Mu{\~n}oz and Jian Zhu and Daniel Van Strien and Zaid Alyafeai and Khalid Almubarak and Vu Minh Chien and Itziar Gonzalez-Dios and Aitor Soroa and Kyle Lo and Manan Dey and Pedro Ortiz Suarez and Aaron Gokaslan and Shamik Bose and David Ifeoluwa Adelani and Long Phan and Hieu Tran and Ian Yu and Suhas Pai and Jenny Chim and Violette Lepercq and Suzana Ilic and Margaret Mitchell and Sasha Luccioni and Yacine Jernite},
  booktitle={Thirty-sixth Conference on Neural Information Processing Systems Datasets and Benchmarks Track},
  year={2022},
  url={https://openreview.net/forum?id=UoEw6KigkUn}
}

@inproceedings{lison-tiedemann-2016-opensubtitles2016,
    title = "{O}pen{S}ubtitles2016: Extracting Large Parallel Corpora from Movie and {TV} Subtitles",
    author = {Lison, Pierre  and
      Tiedemann, J{\"o}rg},
    editor = "Calzolari, Nicoletta  and
      Choukri, Khalid  and
      Declerck, Thierry  and
      Goggi, Sara  and
      Grobelnik, Marko  and
      Maegaard, Bente  and
      Mariani, Joseph  and
      Mazo, Helene  and
      Moreno, Asuncion  and
      Odijk, Jan  and
      Piperidis, Stelios",
    booktitle = "Proceedings of the Tenth International Conference on Language Resources and Evaluation ({LREC}'16)",
    month = may,
    year = "2016",
    address = "Portoro{\v{z}}, Slovenia",
    publisher = "European Language Resources Association (ELRA)",
    url = "https://aclanthology.org/L16-1147",
    pages = "923--929"
}

@inproceedings{	liu2024agentbench,
  title={AgentBench: Evaluating {LLM}s as Agents},
  author={Xiao Liu and Hao Yu and Hanchen Zhang and Yifan Xu and Xuanyu Lei and Hanyu Lai and Yu Gu and Hangliang Ding and Kaiwen Men and Kejuan Yang and Shudan Zhang and Xiang Deng and Aohan Zeng and Zhengxiao Du and Chenhui Zhang and Sheng Shen and Tianjun Zhang and Yu Su and Huan Sun and Minlie Huang and Yuxiao Dong and Jie Tang},
  booktitle={The Twelfth International Conference on Learning Representations},
  year={2024},
  url={https://openreview.net/forum?id=zAdUB0aCTQ}
}

@PhDThesis{	  Nemeskey:2020,
  author	= {Nemeskey, D\'avid M\'ark},
  title		= {Natural Language Processing Methods for Language
		  Modeling},
  year		= {2020},
  school	= {E\"otv\"os Lor\'and University}
}

@inproceedings{nie-etal-2020-adversarial,
    title = "Adversarial {NLI}: A New Benchmark for Natural Language Understanding",
    author = "Nie, Yixin  and
      Williams, Adina  and
      Dinan, Emily  and
      Bansal, Mohit  and
      Weston, Jason  and
      Kiela, Douwe",
    editor = "Jurafsky, Dan  and
      Chai, Joyce  and
      Schluter, Natalie  and
      Tetreault, Joel",
    booktitle = "Proceedings of the 58th Annual Meeting of the Association for Computational Linguistics",
    month = jul,
    year = "2020",
    address = "Online",
    publisher = "Association for Computational Linguistics",
    url = "https://aclanthology.org/2020.acl-main.441",
    doi = "10.18653/v1/2020.acl-main.441",
    pages = "4885--4901"
}

@inproceedings{poliak-etal-2018-hypothesis,
    title = "Hypothesis Only Baselines in Natural Language Inference",
    author = "Poliak, Adam  and
      Naradowsky, Jason  and
      Haldar, Aparajita  and
      Rudinger, Rachel  and
      Van Durme, Benjamin",
    editor = "Nissim, Malvina  and
      Berant, Jonathan  and
      Lenci, Alessandro",
    booktitle = "Proceedings of the Seventh Joint Conference on Lexical and Computational Semantics",
    month = jun,
    year = "2018",
    address = "New Orleans, Louisiana",
    publisher = "Association for Computational Linguistics",
    url = "https://aclanthology.org/S18-2023",
    doi = "10.18653/v1/S18-2023",
    pages = "180--191"
}


@phdthesis{pomikalek2011removing,
  title={Removing boilerplate and duplicate content from web corpora},
  author={Pomik{\'a}lek, Jan},
  school={Masaryk university, Faculty of informatics, Brno, Czech Republic},
  year={2011}
}

@article{radford2019language,
  title={Language models are unsupervised multitask learners},
  author={Radford, Alec and Wu, Jeffrey and Child, Rewon and Luan, David and Amodei, Dario and Sutskever, Ilya and others},
  journal={OpenAI blog},
  volume={1},
  number={8},
  pages={9},
  year={2019},
  url="https://d4mucfpksywv.cloudfront.net/better-language-models/language-models.pdf"
}

@article{raffel-t5,
  author  = {Colin Raffel and Noam Shazeer and Adam Roberts and Katherine Lee and Sharan Narang and Michael Matena and Yanqi Zhou and Wei Li and Peter J. Liu},
  title   = {Exploring the Limits of Transfer Learning with a Unified Text-to-Text Transformer},
  journal = {Journal of Machine Learning Research},
  year    = {2020},
  volume  = {21},
  number  = {140},
  pages   = {1--67},
  url     = {http://jmlr.org/papers/v21/20-074.html}
}

@inproceedings{rajpurkar-etal-2018-know,
    title = "Know What You Don{'}t Know: Unanswerable Questions for {SQ}u{AD}",
    author = "Rajpurkar, Pranav  and
      Jia, Robin  and
      Liang, Percy",
    editor = "Gurevych, Iryna  and
      Miyao, Yusuke",
    booktitle = "Proceedings of the 56th Annual Meeting of the Association for Computational Linguistics (Volume 2: Short Papers)",
    month = jul,
    year = "2018",
    address = "Melbourne, Australia",
    publisher = "Association for Computational Linguistics",
    url = "https://aclanthology.org/P18-2124",
    doi = "10.18653/v1/P18-2124",
    pages = "784--789"
}

@article{srivastava2023beyond,
  title={Beyond the Imitation Game: Quantifying and extrapolating the capabilities of language models},
  author={BIG-bench authors},
  journal={Transactions on Machine Learning Research},
  issn={2835-8856},
  year={2023},
  url={https://openreview.net/forum?id=uyTL5Bvosj}
}

@inproceedings{wang-etal-2018-glue,
    title = "{GLUE}: A Multi-Task Benchmark and Analysis Platform for Natural Language Understanding",
    author = "Wang, Alex  and
      Singh, Amanpreet  and
      Michael, Julian  and
      Hill, Felix  and
      Levy, Omer  and
      Bowman, Samuel",
    editor = "Linzen, Tal  and
      Chrupa{\l}a, Grzegorz  and
      Alishahi, Afra",
    booktitle = "Proceedings of the 2018 {EMNLP} Workshop {B}lackbox{NLP}: Analyzing and Interpreting Neural Networks for {NLP}",
    month = nov,
    year = "2018",
    address = "Brussels, Belgium",
    publisher = "Association for Computational Linguistics",
    url = "https://aclanthology.org/W18-5446",
    doi = "10.18653/v1/W18-5446",
    pages = "353--355"
}

@inbook{wang-etal-2019-superglue,
author = {Wang, Alex and Pruksachatkun, Yada and Nangia, Nikita and Singh, Amanpreet and Michael, Julian and Hill, Felix and Levy, Omer and Bowman, Samuel R.},
title = {SuperGLUE: A Stickier Benchmark for General-Purpose Language Understanding Systems},
year = {2019},
publisher = {Curran Associates Inc.},
address = {Red Hook, NY, USA},
booktitle = {Proceedings of the 33rd International Conference on Neural Information Processing Systems},
articleno = {294},
numpages = {15}
}

@inproceedings{wei2022finetuned,
  title={Finetuned Language Models are Zero-Shot Learners},
  author={Jason Wei and Maarten Bosma and Vincent Zhao and Kelvin Guu and Adams Wei Yu and Brian Lester and Nan Du and Andrew M. Dai and Quoc V Le},
  booktitle={International Conference on Learning Representations},
  year={2022},
  url={https://openreview.net/forum?id=gEZrGCozdqR}
}

@misc{alpaca,
  author = {Rohan Taori and Ishaan Gulrajani and Tianyi Zhang and Yann Dubois and Xuechen Li and Carlos Guestrin and Percy Liang and Tatsunori B. Hashimoto },
  title = {Stanford Alpaca: An Instruction-following LLaMA model},
  year = {2023},
  publisher = {GitHub},
  journal = {GitHub repository},
  howpublished = {\url{https://github.com/tatsu-lab/stanford_alpaca}},
}

@article{weng2023prompt,
  title   = "Prompt Engineering",
  author  = "Weng, Lilian",
  journal = "lilianweng.github.io",
  year    = "2023",
  month   = "Mar",
  url     = "https://lilianweng.github.io/posts/2023-03-15-prompt-engineering/"
}

@article{xu2023wizardlm,
  title={Wizardlm: Empowering large language models to follow complex instructions},
  author={Xu, Can and Sun, Qingfeng and Zheng, Kai and Geng, Xiubo and Zhao, Pu and Feng, Jiazhan and Tao, Chongyang and Jiang, Daxin},
  journal={arXiv preprint arXiv:2304.12244},
  year={2023}
}

@inproceedings{aghajanyan-etal-2021-intrinsic,
    title = "Intrinsic Dimensionality Explains the Effectiveness of Language Model Fine-Tuning",
    author = "Aghajanyan, Armen  and
      Gupta, Sonal  and
      Zettlemoyer, Luke",
    editor = "Zong, Chengqing  and
      Xia, Fei  and
      Li, Wenjie  and
      Navigli, Roberto",
    booktitle = "Proceedings of the 59th Annual Meeting of the Association for Computational Linguistics and the 11th International Joint Conference on Natural Language Processing (Volume 1: Long Papers)",
    month = aug,
    year = "2021",
    address = "Online",
    publisher = "Association for Computational Linguistics",
    url = "https://aclanthology.org/2021.acl-long.568",
    doi = "10.18653/v1/2021.acl-long.568",
    pages = "7319--7328",
}

@inproceedings{buciluǎ2006model,
  title={Model compression},
  author={Buciluǎ, Cristian and Caruana, Rich and Niculescu-Mizil, Alexandru},
  booktitle={Proceedings of the 12th ACM SIGKDD international conference on Knowledge discovery and data mining},
  pages={535--541},
  year={2006}
}

@article{fedus2022switch,
  title={Switch transformers: Scaling to trillion parameter models with simple and efficient sparsity},
  author={Fedus, William and Zoph, Barret and Shazeer, Noam},
  journal={The Journal of Machine Learning Research},
  volume={23},
  number={1},
  pages={5232--5270},
  year={2022},
  publisher={JMLRORG}
}

@inproceedings{frantar2023optq,
  title={{OPTQ}: Accurate Quantization for Generative Pre-trained Transformers},
  author={Elias Frantar and Saleh Ashkboos and Torsten Hoefler and Dan Alistarh},
  booktitle={The Eleventh International Conference on Learning Representations },
  year={2023},
  url={https://openreview.net/forum?id=tcbBPnfwxS}
}

@misc{zheng2023judging,
      title={Judging LLM-as-a-Judge with MT-Bench and Chatbot Arena}, 
      author={Lianmin Zheng and Wei-Lin Chiang and Ying Sheng and Siyuan Zhuang and Zhanghao Wu and Yonghao Zhuang and Zi Lin and Zhuohan Li and Dacheng Li and Eric. P Xing and Hao Zhang and Joseph E. Gonzalez and Ion Stoica},
      year={2023},
      eprint={2306.05685},
      archivePrefix={arXiv},
      primaryClass={cs.CL}
}

@misc{mukherjee2023orca,
      title={Orca: Progressive Learning from Complex Explanation Traces of GPT-4}, 
      author={Subhabrata Mukherjee and Arindam Mitra and Ganesh Jawahar and Sahaj Agarwal and Hamid Palangi and Ahmed Awadallah},
      year={2023},
      eprint={2306.02707},
      archivePrefix={arXiv},
      primaryClass={cs.CL}
}

@misc{hinton2015distilling,
  title={Distilling the knowledge in a neural network},
  author={Hinton, Geoffrey and Vinyals, Oriol and Dean, Jeff},
  eprint={1503.02531},
  archivePrefix={arXiv},
  primaryClass={cs.CL},
  year={2015}
}

@inproceedings{houlsby2019parameter,
  title={Parameter-efficient transfer learning for NLP},
  author={Houlsby, Neil and Giurgiu, Andrei and Jastrzebski, Stanislaw and Morrone, Bruna and De Laroussilhe, Quentin and Gesmundo, Andrea and Attariyan, Mona and Gelly, Sylvain},
  booktitle={International Conference on Machine Learning},
  pages={2790--2799},
  year={2019},
  organization={PMLR}
}

@inproceedings{hu2022lora,
  title={Lo{RA}: Low-Rank Adaptation of Large Language Models},
  author={Edward J Hu and yelong shen and Phillip Wallis and Zeyuan Allen-Zhu and Yuanzhi Li and Shean Wang and Lu Wang and Weizhu Chen},
  booktitle={International Conference on Learning Representations},
  year={2022},
  url={https://openreview.net/forum?id=nZeVKeeFYf9}
}

@misc{kaplan2020scaling,
  title={Scaling laws for neural language models},
  author={Kaplan, Jared and McCandlish, Sam and Henighan, Tom and Brown, Tom B and Chess, Benjamin and Child, Rewon and Gray, Scott and Radford, Alec and Wu, Jeffrey and Amodei, Dario},
  eprint={2001.08361},
  archivePrefix={arXiv},
  primaryClass={cs.CL},
  year={2020}
}

@inproceedings{lester-etal-2021-power,
    title = "The Power of Scale for Parameter-Efficient Prompt Tuning",
    author = "Lester, Brian  and
      Al-Rfou, Rami  and
      Constant, Noah",
    editor = "Moens, Marie-Francine  and
      Huang, Xuanjing  and
      Specia, Lucia  and
      Yih, Scott Wen-tau",
    booktitle = "Proceedings of the 2021 Conference on Empirical Methods in Natural Language Processing",
    month = nov,
    year = "2021",
    address = "Online and Punta Cana, Dominican Republic",
    publisher = "Association for Computational Linguistics",
    url = "https://aclanthology.org/2021.emnlp-main.243",
    doi = "10.18653/v1/2021.emnlp-main.243",
    pages = "3045--3059"
}


@inproceedings{li2018measuring,
  title={Measuring the Intrinsic Dimension of Objective Landscapes},
  author={Chunyuan Li and Heerad Farkhoor and Rosanne Liu and Jason Yosinski},
  booktitle={International Conference on Learning Representations},
  year={2018},
  url={https://openreview.net/forum?id=ryup8-WCW},
}

@inproceedings{li-liang-2021-prefix,
    title = "Prefix-Tuning: Optimizing Continuous Prompts for Generation",
    author = "Li, Xiang Lisa  and
      Liang, Percy",
    editor = "Zong, Chengqing  and
      Xia, Fei  and
      Li, Wenjie  and
      Navigli, Roberto",
    booktitle = "Proceedings of the 59th Annual Meeting of the Association for Computational Linguistics and the 11th International Joint Conference on Natural Language Processing (Volume 1: Long Papers)",
    month = aug,
    year = "2021",
    address = "Online",
    publisher = "Association for Computational Linguistics",
    url = "https://aclanthology.org/2021.acl-long.353",
    doi = "10.18653/v1/2021.acl-long.353",
    pages = "4582--4597"
}

@article{liu2023gpt,
  title={GPT understands, too},
  author={Liu, Xiao and Zheng, Yanan and Du, Zhengxiao and Ding, Ming and Qian, Yujie and Yang, Zhilin and Tang, Jie},
  journal={AI Open},
  year={2023},
  publisher={Elsevier}
}

@inproceedings{liu-etal-2022-p,
    title = "{P}-Tuning: Prompt Tuning Can Be Comparable to Fine-tuning Across Scales and Tasks",
    author = "Liu, Xiao  and
      Ji, Kaixuan  and
      Fu, Yicheng  and
      Tam, Weng  and
      Du, Zhengxiao  and
      Yang, Zhilin  and
      Tang, Jie",
    editor = "Muresan, Smaranda  and
      Nakov, Preslav  and
      Villavicencio, Aline",
    booktitle = "Proceedings of the 60th Annual Meeting of the Association for Computational Linguistics (Volume 2: Short Papers)",
    month = may,
    year = "2022",
    address = "Dublin, Ireland",
    publisher = "Association for Computational Linguistics",
    url = "https://aclanthology.org/2022.acl-short.8",
    doi = "10.18653/v1/2022.acl-short.8",
    pages = "61--68"
}

@inproceedings{rebuffi2017adapter,
  author = {Rebuffi, Sylvestre-Alvise and Bilen, Hakan and Vedaldi, Andrea},
  title = {Learning Multiple Visual Domains with Residual Adapters},
  year = {2017},
  isbn = {9781510860964},
  publisher = {Curran Associates Inc.},
  address = {Red Hook, NY, USA},
  booktitle = {Proceedings of the 31st International Conference on Neural Information Processing Systems},
  pages = {506–516},
  numpages = {11},
  location = {Long Beach, California, USA},
  series = {NIPS'17}
}

@misc{sanh2019distilbert,
  title={DistilBERT, a distilled version of BERT: smaller, faster, cheaper and lighter},
  author={Sanh, Victor and Debut, Lysandre and Chaumond, Julien and Wolf, Thomas},
  eprint={1910.01108},
  archivePrefix={arXiv},
  primaryClass={cs.CL},
  year={2019}
}

@article{schwartz2020green,
  title={Green ai},
  author={Schwartz, Roy and Dodge, Jesse and Smith, Noah A and Etzioni, Oren},
  journal={Communications of the ACM},
  volume={63},
  number={12},
  pages={54--63},
  year={2020},
  publisher={ACM New York, NY, USA}
}

@inproceedings{strubell-etal-2019-energy,
    title = "Energy and Policy Considerations for Deep Learning in {NLP}",
    author = "Strubell, Emma  and
      Ganesh, Ananya  and
      McCallum, Andrew",
    editor = "Korhonen, Anna  and
      Traum, David  and
      Lluís Màrquez",
    booktitle = "Proceedings of the 57th Annual Meeting of the Association for Computational Linguistics",
    month = jul,
    year = "2019",
    address = "Florence, Italy",
    publisher = "Association for Computational Linguistics",
    url = "https://aclanthology.org/P19-1355",
    doi = "10.18653/v1/P19-1355",
    pages = "3645--3650"
}

@inproceedings{xue-etal-2021-mt5,
    title = "m{T}5: A Massively Multilingual Pre-trained Text-to-Text Transformer",
    author = "Xue, Linting  and
      Constant, Noah  and
      Roberts, Adam  and
      Kale, Mihir  and
      Al-Rfou, Rami  and
      Siddhant, Aditya  and
      Barua, Aditya  and
      Raffel, Colin",
    editor = "Toutanova, Kristina  and
      Rumshisky, Anna  and
      Zettlemoyer, Luke  and
      Hakkani-Tur, Dilek  and
      Beltagy, Iz  and
      Bethard, Steven  and
      Cotterell, Ryan  and
      Chakraborty, Tanmoy  and
      Zhou, Yichao",
    booktitle = "Proceedings of the 2021 Conference of the North American Chapter of the Association for Computational Linguistics: Human Language Technologies",
    month = jun,
    year = "2021",
    address = "Online",
    publisher = "Association for Computational Linguistics",
    url = "https://aclanthology.org/2021.naacl-main.41",
    doi = "10.18653/v1/2021.naacl-main.41",
    pages = "483--498"
}

@inproceedings{	Zeng:2024,
    title = "{A}gent{T}uning: Enabling Generalized Agent Abilities for {LLM}s",
    author = "Zeng, Aohan  and
      Liu, Mingdao  and
      Lu, Rui  and
      Wang, Bowen  and
      Liu, Xiao  and
      Dong, Yuxiao  and
      Tang, Jie",
    editor = "Ku, Lun-Wei  and
      Martins, Andre  and
      Srikumar, Vivek",
    booktitle = "Findings of the Association for Computational Linguistics: ACL 2024",
    month = aug,
    year = "2024",
    address = "Bangkok, Thailand",
    publisher = "Association for Computational Linguistics",
    url = "https://aclanthology.org/2024.findings-acl.181/",
    doi = "10.18653/v1/2024.findings-acl.181",
    pages = "3053--3077",
}

@misc{zhou2025sweetrltrainingmultiturnllm,
      title={{SWEET-RL}: Training Multi-Turn LLM Agents on Collaborative Reasoning Tasks},
      author={Yifei Zhou and Song Jiang and Yuandong Tian and Jason Weston and Sergey Levine and Sainbayar Sukhbaatar and Xian Li},
      year={2025},
      eprint={2503.15478},
      archivePrefix={arXiv},
      primaryClass={cs.LG},
      url={https://arxiv.org/abs/2503.15478},
}
