@inproceedings{nivre-nilsson-2005-pseudo,
	title = "Pseudo-Projective Dependency Parsing",
	author = "Nivre, Joakim  and
      Nilsson, Jens",
	booktitle = "Proceedings of the 43rd Annual Meeting of the Association for Computational Linguistics ({ACL}{'}05)",
	month = jun,
	year = "2005",
	address = "Ann Arbor, Michigan",
	publisher = "Association for Computational Linguistics",
	url = "https://www.aclweb.org/anthology/P05-1013",
	doi = "10.3115/1219840.1219853",
	pages = "99--106"
}

@article{nivre2013beyond,
	title = {Beyond {MaltParser}. {P}resentation},
	author = {Nivre, Joakim},
	year = {2013},
	url = {https://bit.ly/3q2jm86}
}

@book{koopman2013introduction,
	title = {An introduction to syntactic analysis and theory},
	author = {Koopman, Hilda and Sportiche, Dominique and Stabler, Edward},
	year = {2013},
	publisher = {John Wiley \& Sons},
	url = {https://linguistics.ucla.edu/people/stabler/isat.pdf}
}

@unpublished{jurafsky2019speech,
	title = {Speech and language processing (3rd ed. draft)},
	author = {Jurafsky, Daniel and Martin, James H},
	year = {2019},
	url = {https://web.stanford.edu/~jurafsky/slp3/}
}

@inproceedings{huang2009bilingually,
	title = {Bilingually-constrained (monolingual) shift-reduce parsing},
	author = {Huang, Liang and Jiang, Wenbin and Liu, Qun},
	booktitle = {Proceedings of the 2009 Conference on Empirical Methods in Natural Language Processing},
	pages = {1222--1231},
	year = 2009,
	url = {https://dl.acm.org/doi/10.5555/1699648.1699668}
}

@article{dozat2016deep,
	title = {Deep biaffine attention for neural dependency parsing},
	author = {Dozat, Timothy and Manning, Christopher D},
	journal = {arXiv preprint arXiv:1611.01734},
	year = {2016},
	url = {https://arxiv.org/pdf/1611.01734.pdf}
}

@inproceedings{chen2014fast,
	title = {A fast and accurate dependency parser using neural networks},
	author = {Chen, Danqi and Manning, Christopher D},
	booktitle = {Proceedings of the 2014 conference on empirical methods in natural language processing (EMNLP)},
	pages = {740--750},
	year = {2014},
	url = {https://nlp.stanford.edu/pubs/emnlp2014-depparser.pdf}
}

@Online{liberman2013,
  author = 	 {Liberman, Mark},
  title = 	 {Non-projective flavor},
  year = 	 {2013},
  url = 	 {https://languagelog.ldc.upenn.edu/nll/?p=7851},
  note = 	 {Language Log blog entry}}

