@InCollection{sep-compositionality,
	author       =	{Szab\'o, Zolt\'an Gendler},
	title        =	{{Compositionality}},
	booktitle    =	{The {Stanford} Encyclopedia of Philosophy},
	editor       =	{Edward N. Zalta},
	year         =	{2020},
	edition      =	{Fall 2020},
	publisher    =	{Metaphysics Research Lab, Stanford},
	url ={https://stanford.io/3nLH0UJ}
}

@article{navigli2009word,
  title={Word sense disambiguation: A survey},
  author={Navigli, Roberto},
  journal={ACM computing surveys (CSUR)},
  volume={41},
  number={2},
  pages={1--69},
  year={2009},
  publisher={ACM New York, NY, USA},
  url={https://bit.ly/2LwiQAP}
}