@article{bengio2003neural,
  title={A neural probabilistic language model},
  author={Bengio, Yoshua and Ducharme, R{\'e}jean and Vincent, Pascal and Jauvin, Christian},
  journal={Journal of machine learning research},
  volume=3,
  pages={1137--1155},
  year=2003,
  url={https://bit.ly/3rkKa4M}
}

@unpublished{olah2015understanding,
  title={Understanding {LSTM} networks},
  author={Olah, Christopher},
  year={2015},
  url={https://colah.github.io/posts/2015-08-Understanding-LSTMs/}
}

@article{elman1990finding,
  title={Finding structure in time},
  author={Elman, Jeffrey L},
  journal={Cognitive science},
  volume={14},
  number={2},
  pages={179--211},
  year={1990},
  publisher={Wiley Online Library},
  url={https://crl.ucsd.edu/~elman/Papers/fsit.pdf}
}

@article{jang2016categorical,
  title={Categorical reparameterization with gumbel-softmax},
  author={Jang, Eric and Gu, Shixiang and Poole, Ben},
  journal={arXiv preprint arXiv:1611.01144},
  year={2016}
}
