@article{karpathy2015unreasonable,
  title={The unreasonable effectiveness of recurrent neural networks. {B}log post},
  author={Karpathy, Andrej},
  url={http://karpathy.github.io/2015/05/21/rnn-effectiveness},
  year={2015}
  }

@article{falcon2018taming,
  title={Taming {LSTM}s. {B}log post},
  author={Falcon, William},
  url={https://bit.ly/38PFJ9T},
  year={2018}
  }

@article{minaee2019deep,
  title={Deep-sentiment: Sentiment analysis using ensemble of {CNN} and bi-{LSTM} models},
  author={Minaee, Shervin and Azimi, Elham and Abdolrashidi, AmirAli},
  journal={arXiv preprint arXiv:1904.04206},
  year={2019},
  url={https://arxiv.org/pdf/1904.04206.pdf}
}

@article{faust2018automated,
  title={Automated detection of atrial fibrillation using long short-term memory network with RR interval signals},
  author={Faust, Oliver and Shenfield, Alex and Kareem, Murtadha and San, Tan Ru and Fujita, Hamido and Acharya, U Rajendra},
  journal={Computers in biology and medicine},
  volume={102},
  pages={327--335},
  year={2018},
  publisher={Elsevier},
  url={https://bit.ly/2LdAEA0}
}

@book{murphy2021pml,
 author = "Kevin P. Murphy",
 title = "Probabilistic Machine Learning: An introduction",
 publisher = "MIT Press",
 year = 2021,
 url = "http://mlbayes.ai"
}

@phdthesis{luong2016neural,
  title={Neural machine translation},
  author={Luong, Minh-Thang},
  year={2016},
  school={Stanford University},
  url={https://bit.ly/3hJ1wEo}
}

@article{joulin2016bag,
  title={Bag of tricks for efficient text classification},
  author={Joulin, Armand and Grave, Edouard and Bojanowski, Piotr and Mikolov, Tomas},
  journal={arXiv preprint arXiv:1607.01759},
  year={2016}
}

@phdthesis{elbayad2020rethinking,
  title={Rethinking the Design of Sequence-to-Sequence Models for Efficient Machine Translation},
  author={Elbayad, Maha},
  year={2020},
  school={Universit{\'e} Grenoble Alpes [2020-....]}
}
