@article{mialon2023augmented,
  title={Augmented language models: a survey},
  author={Mialon, Gr{\'e}goire and Dess{\`\i}, Roberto and Lomeli, Maria and Nalmpantis, Christoforos and Pasunuru, Ram and Raileanu, Roberta and Rozi{\`e}re, Baptiste and Schick, Timo and Dwivedi-Yu, Jane and Celikyilmaz, Asli and others},
  journal={arXiv preprint arXiv:2302.07842},
  year={2023}
}

@misc{brown2020language,
      title={Language Models are Few-Shot Learners}, 
      author={Tom B. Brown and Benjamin Mann and Nick Ryder and Melanie Subbiah and Jared Kaplan and Prafulla Dhariwal and Arvind Neelakantan and Pranav Shyam and Girish Sastry and Amanda Askell and Sandhini Agarwal and Ariel Herbert-Voss and Gretchen Krueger and Tom Henighan and Rewon Child and Aditya Ramesh and Daniel M. Ziegler and Jeffrey Wu and Clemens Winter and Christopher Hesse and Mark Chen and Eric Sigler and Mateusz Litwin and Scott Gray and Benjamin Chess and Jack Clark and Christopher Berner and Sam McCandlish and Alec Radford and Ilya Sutskever and Dario Amodei},
      year={2020},
      eprint={2005.14165},
      archivePrefix={arXiv},
      primaryClass={cs.CL}
}

@article{chang2023survey,
  title={A survey on evaluation of large language models},
  author={Chang, Yupeng and Wang, Xu and Wang, Jindong and Wu, Yuan and Zhu, Kaijie and Chen, Hao and Yang, Linyi and Yi, Xiaoyuan and Wang, Cunxiang and Wang, Yidong and others},
  journal={arXiv preprint arXiv:2307.03109},
  year={2023}
}

@misc{zheng2023does,
      title={Why Does ChatGPT Fall Short in Providing Truthful Answers?}, 
      author={Shen Zheng and Jie Huang and Kevin Chen-Chuan Chang},
      year={2023},
      eprint={2304.10513},
      archivePrefix={arXiv},
      primaryClass={cs.CL}
}

@article{wei2022chain,
  title={Chain-of-thought prompting elicits reasoning in large language models},
  author={Wei, Jason and Wang, Xuezhi and Schuurmans, Dale and Bosma, Maarten and Xia, Fei and Chi, Ed and Le, Quoc V and Zhou, Denny and others},
  journal={Advances in Neural Information Processing Systems},
  volume={35},
  pages={24824--24837},
  year={2022}
}

@article{wang2021comprehensive,
  title={A comprehensive survey and experimental comparison of graph-based approximate nearest neighbor search},
  author={Wang, Mengzhao and Xu, Xiaoliang and Yue, Qiang and Wang, Yuxiang},
  journal={arXiv preprint arXiv:2101.12631},
  year={2021}
}

@inproceedings{silpa2008optimised,
  title={Optimised KD-trees for fast image descriptor matching},
  author={Silpa-Anan, Chanop and Hartley, Richard},
  booktitle={2008 IEEE Conference on Computer Vision and Pattern Recognition},
  pages={1--8},
  year={2008},
  organization={IEEE}
}

@article{jegou2010product,
  title={Product quantization for nearest neighbor search},
  author={Jegou, Herve and Douze, Matthijs and Schmid, Cordelia},
  journal={IEEE transactions on pattern analysis and machine intelligence},
  volume={33},
  number={1},
  pages={117--128},
  year={2010},
  publisher={IEEE}
}

@article{watts1998collective,
  title={Collective dynamics of ‘small-world’networks},
  author={Watts, Duncan J and Strogatz, Steven H},
  journal={nature},
  volume={393},
  number={6684},
  pages={440--442},
  year={1998},
  publisher={Nature Publishing Group}
}

@misc{malkov2018efficient,
      title={Efficient and robust approximate nearest neighbor search using Hierarchical Navigable Small World graphs}, 
      author={Yu. A. Malkov and D. A. Yashunin},
      year={2018},
      eprint={1603.09320},
      archivePrefix={arXiv},
      primaryClass={cs.DS}
}

@article{reimers2019sentence,
  title={Sentence-bert: Sentence embeddings using siamese bert-networks},
  author={Reimers, Nils and Gurevych, Iryna},
  journal={arXiv preprint arXiv:1908.10084},
  year={2019}
}

@article{gao2021simcse,
  title={Simcse: Simple contrastive learning of sentence embeddings},
  author={Gao, Tianyu and Yao, Xingcheng and Chen, Danqi},
  journal={arXiv preprint arXiv:2104.08821},
  year={2021}
}

@article{su2022one,
  title={One embedder, any task: Instruction-finetuned text embeddings},
  author={Su, Hongjin and Kasai, Jungo and Wang, Yizhong and Hu, Yushi and Ostendorf, Mari and Yih, Wen-tau and Smith, Noah A and Zettlemoyer, Luke and Yu, Tao and others},
  journal={arXiv preprint arXiv:2212.09741},
  year={2022}
}

@misc{gao2022precise,
      title={Precise Zero-Shot Dense Retrieval without Relevance Labels}, 
      author={Luyu Gao and Xueguang Ma and Jimmy Lin and Jamie Callan},
      year={2022},
      eprint={2212.10496},
      archivePrefix={arXiv},
      primaryClass={cs.IR}
}

@inproceedings{guu2020retrieval,
  title={Retrieval augmented language model pre-training},
  author={Guu, Kelvin and Lee, Kenton and Tung, Zora and Pasupat, Panupong and Chang, Mingwei},
  booktitle={International conference on machine learning},
  pages={3929--3938},
  year={2020},
  organization={PMLR}
}

@inproceedings{borgeaud2022improving,
  title={Improving language models by retrieving from trillions of tokens},
  author={Borgeaud, Sebastian and Mensch, Arthur and Hoffmann, Jordan and Cai, Trevor and Rutherford, Eliza and Millican, Katie and Van Den Driessche, George Bm and Lespiau, Jean-Baptiste and Damoc, Bogdan and Clark, Aidan and others},
  booktitle={International conference on machine learning},
  pages={2206--2240},
  year={2022},
  organization={PMLR}
}

@misc{qin2023toolllm,
      title={ToolLLM: Facilitating Large Language Models to Master 16000+ Real-world APIs}, 
      author={Yujia Qin and Shihao Liang and Yining Ye and Kunlun Zhu and Lan Yan and Yaxi Lu and Yankai Lin and Xin Cong and Xiangru Tang and Bill Qian and Sihan Zhao and Runchu Tian and Ruobing Xie and Jie Zhou and Mark Gerstein and Dahai Li and Zhiyuan Liu and Maosong Sun},
      year={2023},
      eprint={2307.16789},
      archivePrefix={arXiv},
      primaryClass={cs.AI}
}

@misc{yang2023autogpt,
      title={Auto-GPT for Online Decision Making: Benchmarks and Additional Opinions}, 
      author={Hui Yang and Sifu Yue and Yunzhong He},
      year={2023},
      eprint={2306.02224},
      archivePrefix={arXiv},
      primaryClass={cs.AI}
}