@article{jackendoff2010parallel,
  title={The Parallel Architecture and its Lexicon: Is There Anything Useful for LFG},
  author={Jackendoff, Ray},
  journal={Proceedings of LFG10},
  year={2010},
  url={http://web.stanford.edu/group/cslipublications/cslipublications/LFG/15/abstracts/lfg10abs-jackedoff.html}
}


@book{sportiche2013introduction,
  title={An introduction to syntactic analysis and theory},
  author={Sportiche, Dominique and Koopman, Hilda and Stabler, Edward},
  year={2013},
  publisher={John Wiley \& Sons},
  url={https://linguistics.ucla.edu/people/stabler/isat.pdf}
}
