@misc{buutbogel2009fsmorph,
  title={Finite State Morphology Tutorial},
  author={Butt, Miriam and B\"ogel, Tina},
  year={2009},
  url={https://bit.ly/3sm44fx}
}

@article{heinzerling2017bpemb,
  title={BPEmb: Tokenization-free pre-trained subword embeddings in 275 languages},
  author={Heinzerling, Benjamin and Strube, Michael},
  journal={arXiv preprint arXiv:1710.02187},
  year={2017}
}

@unpublished{jurafsky2019speech,
  title={Speech and language processing (3rd ed. draft)},
  author={Jurafsky, Daniel and Martin, James H},
  year={2019},
  url={https://web.stanford.edu/~jurafsky/slp3/}
}

@article{kudo2018subword,
  title={Subword regularization: Improving neural network translation models with multiple subword candidates},
  author={Kudo, Taku},
  journal={arXiv preprint arXiv:1804.10959},
  year={2018}
}

@article{provilkov2019bpe,
  title={BPE-dropout: Simple and effective subword regularization},
  author={Provilkov, Ivan and Emelianenko, Dmitrii and Voita, Elena},
  journal={arXiv preprint arXiv:1910.13267},
  year={2019}
}
