@inproceedings{aghajanyan-etal-2021-intrinsic,
    title = "Intrinsic Dimensionality Explains the Effectiveness of Language Model Fine-Tuning",
    author = "Aghajanyan, Armen  and
      Gupta, Sonal  and
      Zettlemoyer, Luke",
    editor = "Zong, Chengqing  and
      Xia, Fei  and
      Li, Wenjie  and
      Navigli, Roberto",
    booktitle = "Proceedings of the 59th Annual Meeting of the Association for Computational Linguistics and the 11th International Joint Conference on Natural Language Processing (Volume 1: Long Papers)",
    month = aug,
    year = "2021",
    address = "Online",
    publisher = "Association for Computational Linguistics",
    url = "https://aclanthology.org/2021.acl-long.568",
    doi = "10.18653/v1/2021.acl-long.568",
    pages = "7319--7328",
}

@inproceedings{buciluǎ2006model,
  title={Model compression},
  author={Buciluǎ, Cristian and Caruana, Rich and Niculescu-Mizil, Alexandru},
  booktitle={Proceedings of the 12th ACM SIGKDD international conference on Knowledge discovery and data mining},
  pages={535--541},
  year={2006}
}

@article{fedus2022switch,
  title={Switch transformers: Scaling to trillion parameter models with simple and efficient sparsity},
  author={Fedus, William and Zoph, Barret and Shazeer, Noam},
  journal={The Journal of Machine Learning Research},
  volume={23},
  number={1},
  pages={5232--5270},
  year={2022},
  publisher={JMLRORG}
}

@inproceedings{frantar2023optq,
  title={{OPTQ}: Accurate Quantization for Generative Pre-trained Transformers},
  author={Elias Frantar and Saleh Ashkboos and Torsten Hoefler and Dan Alistarh},
  booktitle={The Eleventh International Conference on Learning Representations },
  year={2023},
  url={https://openreview.net/forum?id=tcbBPnfwxS}
}

@misc{hinton2015distilling,
  title={Distilling the knowledge in a neural network},
  author={Hinton, Geoffrey and Vinyals, Oriol and Dean, Jeff},
  eprint={1503.02531},
  archivePrefix={arXiv},
  primaryClass={cs.CL},
  year={2015}
}

@inproceedings{houlsby2019parameter,
  title={Parameter-efficient transfer learning for NLP},
  author={Houlsby, Neil and Giurgiu, Andrei and Jastrzebski, Stanislaw and Morrone, Bruna and De Laroussilhe, Quentin and Gesmundo, Andrea and Attariyan, Mona and Gelly, Sylvain},
  booktitle={International Conference on Machine Learning},
  pages={2790--2799},
  year={2019},
  organization={PMLR}
}

@inproceedings{hu2022lora,
  title={Lo{RA}: Low-Rank Adaptation of Large Language Models},
  author={Edward J Hu and yelong shen and Phillip Wallis and Zeyuan Allen-Zhu and Yuanzhi Li and Shean Wang and Lu Wang and Weizhu Chen},
  booktitle={International Conference on Learning Representations},
  year={2022},
  url={https://openreview.net/forum?id=nZeVKeeFYf9}
}

@misc{kaplan2020scaling,
  title={Scaling laws for neural language models},
  author={Kaplan, Jared and McCandlish, Sam and Henighan, Tom and Brown, Tom B and Chess, Benjamin and Child, Rewon and Gray, Scott and Radford, Alec and Wu, Jeffrey and Amodei, Dario},
  eprint={2001.08361},
  archivePrefix={arXiv},
  primaryClass={cs.CL},
  year={2020}
}

@inproceedings{lester-etal-2021-power,
    title = "The Power of Scale for Parameter-Efficient Prompt Tuning",
    author = "Lester, Brian  and
      Al-Rfou, Rami  and
      Constant, Noah",
    editor = "Moens, Marie-Francine  and
      Huang, Xuanjing  and
      Specia, Lucia  and
      Yih, Scott Wen-tau",
    booktitle = "Proceedings of the 2021 Conference on Empirical Methods in Natural Language Processing",
    month = nov,
    year = "2021",
    address = "Online and Punta Cana, Dominican Republic",
    publisher = "Association for Computational Linguistics",
    url = "https://aclanthology.org/2021.emnlp-main.243",
    doi = "10.18653/v1/2021.emnlp-main.243",
    pages = "3045--3059"
}


@inproceedings{li2018measuring,
  title={Measuring the Intrinsic Dimension of Objective Landscapes},
  author={Chunyuan Li and Heerad Farkhoor and Rosanne Liu and Jason Yosinski},
  booktitle={International Conference on Learning Representations},
  year={2018},
  url={https://openreview.net/forum?id=ryup8-WCW},
}

@inproceedings{li-liang-2021-prefix,
    title = "Prefix-Tuning: Optimizing Continuous Prompts for Generation",
    author = "Li, Xiang Lisa  and
      Liang, Percy",
    editor = "Zong, Chengqing  and
      Xia, Fei  and
      Li, Wenjie  and
      Navigli, Roberto",
    booktitle = "Proceedings of the 59th Annual Meeting of the Association for Computational Linguistics and the 11th International Joint Conference on Natural Language Processing (Volume 1: Long Papers)",
    month = aug,
    year = "2021",
    address = "Online",
    publisher = "Association for Computational Linguistics",
    url = "https://aclanthology.org/2021.acl-long.353",
    doi = "10.18653/v1/2021.acl-long.353",
    pages = "4582--4597"
}

@article{liu2023gpt,
  title={GPT understands, too},
  author={Liu, Xiao and Zheng, Yanan and Du, Zhengxiao and Ding, Ming and Qian, Yujie and Yang, Zhilin and Tang, Jie},
  journal={AI Open},
  year={2023},
  publisher={Elsevier}
}

@inproceedings{liu-etal-2022-p,
    title = "{P}-Tuning: Prompt Tuning Can Be Comparable to Fine-tuning Across Scales and Tasks",
    author = "Liu, Xiao  and
      Ji, Kaixuan  and
      Fu, Yicheng  and
      Tam, Weng  and
      Du, Zhengxiao  and
      Yang, Zhilin  and
      Tang, Jie",
    editor = "Muresan, Smaranda  and
      Nakov, Preslav  and
      Villavicencio, Aline",
    booktitle = "Proceedings of the 60th Annual Meeting of the Association for Computational Linguistics (Volume 2: Short Papers)",
    month = may,
    year = "2022",
    address = "Dublin, Ireland",
    publisher = "Association for Computational Linguistics",
    url = "https://aclanthology.org/2022.acl-short.8",
    doi = "10.18653/v1/2022.acl-short.8",
    pages = "61--68"
}

@inproceedings{rebuffi2017adapter,
  author = {Rebuffi, Sylvestre-Alvise and Bilen, Hakan and Vedaldi, Andrea},
  title = {Learning Multiple Visual Domains with Residual Adapters},
  year = {2017},
  isbn = {9781510860964},
  publisher = {Curran Associates Inc.},
  address = {Red Hook, NY, USA},
  booktitle = {Proceedings of the 31st International Conference on Neural Information Processing Systems},
  pages = {506–516},
  numpages = {11},
  location = {Long Beach, California, USA},
  series = {NIPS'17}
}

@misc{sanh2019distilbert,
  title={DistilBERT, a distilled version of BERT: smaller, faster, cheaper and lighter},
  author={Sanh, Victor and Debut, Lysandre and Chaumond, Julien and Wolf, Thomas},
  eprint={1910.01108},
  archivePrefix={arXiv},
  primaryClass={cs.CL},
  year={2019}
}

@article{schwartz2020green,
  title={Green ai},
  author={Schwartz, Roy and Dodge, Jesse and Smith, Noah A and Etzioni, Oren},
  journal={Communications of the ACM},
  volume={63},
  number={12},
  pages={54--63},
  year={2020},
  publisher={ACM New York, NY, USA}
}

@inproceedings{strubell-etal-2019-energy,
    title = "Energy and Policy Considerations for Deep Learning in {NLP}",
    author = "Strubell, Emma  and
      Ganesh, Ananya  and
      McCallum, Andrew",
    editor = "Korhonen, Anna  and
      Traum, David  and
      Lluís Màrquez",
    booktitle = "Proceedings of the 57th Annual Meeting of the Association for Computational Linguistics",
    month = jul,
    year = "2019",
    address = "Florence, Italy",
    publisher = "Association for Computational Linguistics",
    url = "https://aclanthology.org/P19-1355",
    doi = "10.18653/v1/P19-1355",
    pages = "3645--3650"
}

