@audio{hiphi2019,
  author={Barry Lam},
  title={The Illusionist},
  year=2019,
  series={HiPhi nation podcast},
  url={https://hiphination.org/season-3-episodes/s3-episode-9-the-illusionist-jun-8-2019/}
}

@Misc{santos2014,
  author = 	 {Santos, João Felipe},
  title = 	 {Speech signal representations},
  year = 	 {2014},
  url = {http://www.seaandsailor.com/initial_representation.html}
}

@Misc{ogorman2023,
  author = 	 {O'Gorman, Liz},
  title = 	 {Decomposing Fourier transforms — an introduction to
                  time-frequency decompositio},
  year = 	 {2023},
  url = {https://dibsmethodsmeetings.github.io/fourier-transforms/}
}

@unpublished{jurafsky2019speech,
  title={Speech and language processing (3rd ed. draft)},
  author={Jurafsky, Daniel and Martin, James H},
  year={2019},
  url={https://web.stanford.edu/~jurafsky/slp3/}
}

@book{gales2008application,
  title={The application of hidden Markov models in speech recognition},
  author={Gales, Mark and Young, Steve},
  year={2008},
  publisher={Now Publishers, Inc.}
}

@inproceedings{laureys2001assessing,
  title={Assessing segmentations: Two methods for confidence scoring automatic HMM-based word segmentations},
  author={Laureys, Tom and Demuynck, Kris and Duchateau, Jacques and Wambacq, Patrick and Bogan-Marta, Alina},
  booktitle={Proc. of the 6th International Conference on Engineering of Modern Electric Systems},
  pages={116--121},
  year={2001}
}

@article{akpudo2021cost,
  title={A cost-efficient MFCC-based fault detection and isolation technology for electromagnetic pumps},
  author={Akpudo, Ugochukwu Ejike and Hur, Jang-Wook},
  journal={Electronics},
  volume={10},
  number={4},
  pages={439},
  year={2021},
  publisher={MDPI}
}

@article{zhao1999decision,
  title={Decision tree-based state tying for acoustic modeling},
  author={Zhao, J and Zhang, X and Ganapathiraju, A and Deshmukh, N and Picone, J},
  journal={A Tutorial},
  year={1999},
  url = {https://www.cse.iitb.ac.in/~pjyothi/cs753/TiedstateHMMs.pdf}
}