@article{le2020contrastive,
  title={Contrastive representation learning: A framework and review},
  author={Le-Khac, Phuc H and Healy, Graham and Smeaton, Alan F},
  journal={Ieee Access},
  volume={8},
  pages={193907--193934},
  year={2020},
  publisher={IEEE}
}

@article{jaiswal2020survey,
  title={A survey on contrastive self-supervised learning},
  author={Jaiswal, Ashish and Babu, Ashwin Ramesh and Zadeh, Mohammad Zaki and Banerjee, Debapriya and Makedon, Fillia},
  journal={Technologies},
  volume={9},
  number={1},
  pages={2},
  year={2020},
  publisher={MDPI}
}

@misc{zimmermann2022contrastive,
      title={Contrastive Learning Inverts the Data Generating Process}, 
      author={Roland S. Zimmermann and Yash Sharma and Steffen Schneider and Matthias Bethge and Wieland Brendel},
      year={2022},
      eprint={2102.08850},
      archivePrefix={arXiv},
      primaryClass={cs.LG}
}

@misc{dawid2023introduction,
      title={Introduction to Latent Variable Energy-Based Models: A Path Towards Autonomous Machine Intelligence}, 
      author={Anna Dawid and Yann LeCun},
      year={2023},
      eprint={2306.02572},
      archivePrefix={arXiv},
      primaryClass={cs.LG}
}

@article{khosla2020supervised,
  title={Supervised contrastive learning},
  author={Khosla, Prannay and Teterwak, Piotr and Wang, Chen and Sarna, Aaron and Tian, Yonglong and Isola, Phillip and Maschinot, Aaron and Liu, Ce and Krishnan, Dilip},
  journal={Advances in neural information processing systems},
  volume={33},
  pages={18661--18673},
  year={2020}
}

@article{dangovski2021equivariant,
  title={Equivariant contrastive learning},
  author={Dangovski, Rumen and Jing, Li and Loh, Charlotte and Han, Seungwook and Srivastava, Akash and Cheung, Brian and Agrawal, Pulkit and Solja{\v{c}}i{\'c}, Marin},
  journal={arXiv preprint arXiv:2111.00899},
  year={2021}
}

@article{su2022one,
  title={One embedder, any task: Instruction-finetuned text embeddings},
  author={Su, Hongjin and Kasai, Jungo and Wang, Yizhong and Hu, Yushi and Ostendorf, Mari and Yih, Wen-tau and Smith, Noah A and Zettlemoyer, Luke and Yu, Tao and others},
  journal={arXiv preprint arXiv:2212.09741},
  year={2022}
}

@misc{radford2021learning,
      title={Learning Transferable Visual Models From Natural Language Supervision}, 
      author={Alec Radford and Jong Wook Kim and Chris Hallacy and Aditya Ramesh and Gabriel Goh and Sandhini Agarwal and Girish Sastry and Amanda Askell and Pamela Mishkin and Jack Clark and Gretchen Krueger and Ilya Sutskever},
      year={2021},
      eprint={2103.00020},
      archivePrefix={arXiv},
      primaryClass={cs.CV}
}
@misc{schuhmann2022laion5b,
      title={LAION-5B: An open large-scale dataset for training next generation image-text models}, 
      author={Christoph Schuhmann and Romain Beaumont and Richard Vencu and Cade Gordon and Ross Wightman and Mehdi Cherti and Theo Coombes and Aarush Katta and Clayton Mullis and Mitchell Wortsman and Patrick Schramowski and Srivatsa Kundurthy and Katherine Crowson and Ludwig Schmidt and Robert Kaczmarczyk and Jenia Jitsev},
      year={2022},
      eprint={2210.08402},
      archivePrefix={arXiv},
      primaryClass={cs.CV}
      }

@inproceedings{girdhar2023imagebind,
  title={Imagebind: One embedding space to bind them all},
  author={Girdhar, Rohit and El-Nouby, Alaaeldin and Liu, Zhuang and Singh, Mannat and Alwala, Kalyan Vasudev and Joulin, Armand and Misra, Ishan},
  booktitle={Proceedings of the IEEE/CVF Conference on Computer Vision and Pattern Recognition},
  pages={15180--15190},
  year={2023}
}