@article{pashevich2021episodic,
  title={Episodic Transformer for Vision-and-Language Navigation},
  author={Pashevich, Alexander and Schmid, Cordelia and Sun, Chen},
  journal={arXiv preprint arXiv:2105.06453},
  year={2021},
  url={https://arxiv.org/abs/2105.06453},
}

@inproceedings{shridhar2020alfred,
  title={{ALFRED}: A benchmark for interpreting grounded instructions for everyday tasks},
  author={Shridhar, Mohit and Thomason, Jesse and Gordon, Daniel and Bisk, Yonatan and Han, Winson and Mottaghi, Roozbeh and Zettlemoyer, Luke and Fox, Dieter},
  booktitle={Proceedings of the IEEE/CVF conference on computer vision and pattern recognition},
  pages={10740--10749},
  year={2020},
  url={https://arxiv.org/abs/1912.01734}
}

@article{brohan2022rt,
  title={{RT-1}: Robotics transformer for real-world control at scale},
  author={Brohan, Anthony and Brown, Noah and Carbajal, Justice and Chebotar, Yevgen and Dabis, Joseph and Finn, Chelsea and Gopalakrishnan, Keerthana and Hausman, Karol and Herzog, Alex and Hsu, Jasmine and others},
  journal={arXiv preprint arXiv:2212.06817},
  year={2022},
  url={https://arxiv.org/pdf/2212.06817.pdf}
}

@article{driess2023palm,
  title={Pa{LM-E}: An embodied multimodal language model},
  author={Driess, Danny and Xia, Fei and Sajjadi, Mehdi SM and Lynch, Corey and Chowdhery, Aakanksha and Ichter, Brian and Wahid, Ayzaan and Tompson, Jonathan and Vuong, Quan and Yu, Tianhe and others},
  journal={arXiv preprint arXiv:2303.03378},
  year={2023}
}

@article{brohan2023rt,
  title={{RT}-2: Vision-language-action models transfer web knowledge to robotic control},
  author={Brohan, Anthony and Brown, Noah and Carbajal, Justice and Chebotar, Yevgen and Chen, Xi and Choromanski, Krzysztof and Ding, Tianli and Driess, Danny and Dubey, Avinava and Finn, Chelsea and others},
  journal={arXiv preprint arXiv:2307.15818},
  year={2023},
  url={https://arxiv.org/pdf/2307.15818.pdf}
}
