@inproceedings{abadji-etal-2022-towards,
    title = "Towards a Cleaner Document-Oriented Multilingual Crawled Corpus",
    author = "Abadji, Julien  and
      Ortiz Suarez, Pedro  and
      Romary, Laurent  and
      Sagot, Benoit",
    editor = "Calzolari, Nicoletta  and
      Béchet, Frédéric  and
      Blache, Philippe  and
      Choukri, Khalid  and
      Cieri, Christopher  and
      Declerck, Thierry  and
      Goggi, Sara  and
      Isahara, Hitoshi  and
      Maegaard, Bente  and
      Mariani, Joseph  and
      Mazo, Hélène  and
      Odijk, Jan  and
      Piperidis, Stelios",
    booktitle = "Proceedings of the Thirteenth Language Resources and Evaluation Conference",
    month = jun,
    year = "2022",
    address = "Marseille, France",
    publisher = "European Language Resources Association",
    url = "https://aclanthology.org/2022.lrec-1.463",
    pages = "4344--4355",
}

@online{DatabricksBlog2023DollyV2,
    author    = {Mike Conover and Matt Hayes and Ankit Mathur and Jianwei Xie and Jun Wan and Sam Shah and Ali Ghodsi and Patrick Wendell and Matei Zaharia and Reynold Xin},
    title     = {Free Dolly: Introducing the World's First Truly Open Instruction-Tuned LLM},
    year      = {2023},
    url       = {https://www.databricks.com/blog/2023/04/12/dolly-first-open-commercially-viable-instruction-tuned-llm},
    urldate   = {2023-06-30}
}

@misc{gao2020pile,
  title={The pile: An 800gb dataset of diverse text for language modeling},
  author={Gao, Leo and Biderman, Stella and Black, Sid and Golding, Laurence and Hoppe, Travis and Foster, Charles and Phang, Jason and He, Horace and Thite, Anish and Nabeshima, Noa and others},
  eprint={2101.00027},
  archivePrefix={arXiv},
  primaryClass={cs.CL},
  year={2020}
}

@misc{Gokaslan2019OpenWeb,
  title={OpenWebText Corpus},
  author={Aaron Gokaslan and Vanya Cohen and Ellie Pavlick and Stefanie Tellex},
  howpublished={\url{http://Skylion007.github.io/OpenWebTextCorpus}},
  year={2019}
}

@inproceedings{gururangan-etal-2018-annotation,
    title = "Annotation Artifacts in Natural Language Inference Data",
    author = "Gururangan, Suchin  and
      Swayamdipta, Swabha  and
      Levy, Omer  and
      Schwartz, Roy  and
      Bowman, Samuel  and
      Smith, Noah A.",
    editor = "Walker, Marilyn  and
      Ji, Heng  and
      Stent, Amanda",
    booktitle = "Proceedings of the 2018 Conference of the North {A}merican Chapter of the Association for Computational Linguistics: Human Language Technologies, Volume 2 (Short Papers)",
    month = jun,
    year = "2018",
    address = "New Orleans, Louisiana",
    publisher = "Association for Computational Linguistics",
    url = "https://aclanthology.org/N18-2017",
    doi = "10.18653/v1/N18-2017",
    pages = "107--112"
}

@inproceedings{hendrycks2021measuring,
  title={Measuring Massive Multitask Language Understanding},
  author={Dan Hendrycks and Collin Burns and Steven Basart and Andy Zou and Mantas Mazeika and Dawn Song and Jacob Steinhardt},
  booktitle={International Conference on Learning Representations},
  year={2021},
  url={https://openreview.net/forum?id=d7KBjmI3GmQ}
}

@inproceedings{hoffmann2022an,
  title={An empirical analysis of compute-optimal large language model training},
  author={Jordan Hoffmann and Sebastian Borgeaud and Arthur Mensch and Elena Buchatskaya and Trevor Cai and Eliza Rutherford and Diego de las Casas and Lisa Anne Hendricks and Johannes Welbl and Aidan Clark and Tom Hennigan and Eric Noland and Katherine Millican and George van den Driessche and Bogdan Damoc and Aurelia Guy and Simon Osindero and Karen Simonyan and Erich Elsen and Oriol Vinyals and Jack William Rae and Laurent Sifre},
  booktitle={Advances in Neural Information Processing Systems},
  editor={Alice H. Oh and Alekh Agarwal and Danielle Belgrave and Kyunghyun Cho},
  year={2022},
  url={https://openreview.net/forum?id=iBBcRUlOAPR}
}

@inproceedings{laurencon2022the,
  title={The BigScience {ROOTS} Corpus: A 1.6{TB} Composite Multilingual Dataset},
  author={Hugo Laurençon and Lucile Saulnier and Thomas Wang and Christopher Akiki and Albert Villanova del Moral and Teven Le Scao and Leandro Von Werra and Chenghao Mou and Eduardo Gonz{\'a}lez Ponferrada and Huu Nguyen and J{\"o}rg Frohberg and Mario {\v{S}}a{\v{s}}ko and Quentin Lhoest and Angelina McMillan-Major and G{\'e}rard Dupont and Stella Biderman and Anna Rogers and Loubna Ben allal and Francesco De Toni and Giada Pistilli and Olivier Nguyen and Somaieh Nikpoor and Maraim Masoud and Pierre Colombo and Javier de la Rosa and Paulo Villegas and Tristan Thrush and Shayne Longpre and Sebastian Nagel and Leon Weber and Manuel Romero Mu{\~n}oz and Jian Zhu and Daniel Van Strien and Zaid Alyafeai and Khalid Almubarak and Vu Minh Chien and Itziar Gonzalez-Dios and Aitor Soroa and Kyle Lo and Manan Dey and Pedro Ortiz Suarez and Aaron Gokaslan and Shamik Bose and David Ifeoluwa Adelani and Long Phan and Hieu Tran and Ian Yu and Suhas Pai and Jenny Chim and Violette Lepercq and Suzana Ilic and Margaret Mitchell and Sasha Luccioni and Yacine Jernite},
  booktitle={Thirty-sixth Conference on Neural Information Processing Systems Datasets and Benchmarks Track},
  year={2022},
  url={https://openreview.net/forum?id=UoEw6KigkUn}
}

@inproceedings{lison-tiedemann-2016-opensubtitles2016,
    title = "{O}pen{S}ubtitles2016: Extracting Large Parallel Corpora from Movie and {TV} Subtitles",
    author = {Lison, Pierre  and
      Tiedemann, J{\"o}rg},
    editor = "Calzolari, Nicoletta  and
      Choukri, Khalid  and
      Declerck, Thierry  and
      Goggi, Sara  and
      Grobelnik, Marko  and
      Maegaard, Bente  and
      Mariani, Joseph  and
      Mazo, Helene  and
      Moreno, Asuncion  and
      Odijk, Jan  and
      Piperidis, Stelios",
    booktitle = "Proceedings of the Tenth International Conference on Language Resources and Evaluation ({LREC}'16)",
    month = may,
    year = "2016",
    address = "Portoro{\v{z}}, Slovenia",
    publisher = "European Language Resources Association (ELRA)",
    url = "https://aclanthology.org/L16-1147",
    pages = "923--929"
}

@PhDThesis{	  Nemeskey:2020,
  author	= {Nemeskey, D\'avid M\'ark},
  title		= {Natural Language Processing Methods for Language
		  Modeling},
  year		= {2020},
  school	= {E\"otv\"os Lor\'and University}
}

@inproceedings{nie-etal-2020-adversarial,
    title = "Adversarial {NLI}: A New Benchmark for Natural Language Understanding",
    author = "Nie, Yixin  and
      Williams, Adina  and
      Dinan, Emily  and
      Bansal, Mohit  and
      Weston, Jason  and
      Kiela, Douwe",
    editor = "Jurafsky, Dan  and
      Chai, Joyce  and
      Schluter, Natalie  and
      Tetreault, Joel",
    booktitle = "Proceedings of the 58th Annual Meeting of the Association for Computational Linguistics",
    month = jul,
    year = "2020",
    address = "Online",
    publisher = "Association for Computational Linguistics",
    url = "https://aclanthology.org/2020.acl-main.441",
    doi = "10.18653/v1/2020.acl-main.441",
    pages = "4885--4901"
}

@inproceedings{poliak-etal-2018-hypothesis,
    title = "Hypothesis Only Baselines in Natural Language Inference",
    author = "Poliak, Adam  and
      Naradowsky, Jason  and
      Haldar, Aparajita  and
      Rudinger, Rachel  and
      Van Durme, Benjamin",
    editor = "Nissim, Malvina  and
      Berant, Jonathan  and
      Lenci, Alessandro",
    booktitle = "Proceedings of the Seventh Joint Conference on Lexical and Computational Semantics",
    month = jun,
    year = "2018",
    address = "New Orleans, Louisiana",
    publisher = "Association for Computational Linguistics",
    url = "https://aclanthology.org/S18-2023",
    doi = "10.18653/v1/S18-2023",
    pages = "180--191"
}


@phdthesis{pomikalek2011removing,
  title={Removing boilerplate and duplicate content from web corpora},
  author={Pomik{\'a}lek, Jan},
  school={Masaryk university, Faculty of informatics, Brno, Czech Republic},
  year={2011}
}

@article{radford2019language,
  title={Language models are unsupervised multitask learners},
  author={Radford, Alec and Wu, Jeffrey and Child, Rewon and Luan, David and Amodei, Dario and Sutskever, Ilya and others},
  journal={OpenAI blog},
  volume={1},
  number={8},
  pages={9},
  year={2019},
  url="https://d4mucfpksywv.cloudfront.net/better-language-models/language-models.pdf"
}

@article{raffel-t5,
  author  = {Colin Raffel and Noam Shazeer and Adam Roberts and Katherine Lee and Sharan Narang and Michael Matena and Yanqi Zhou and Wei Li and Peter J. Liu},
  title   = {Exploring the Limits of Transfer Learning with a Unified Text-to-Text Transformer},
  journal = {Journal of Machine Learning Research},
  year    = {2020},
  volume  = {21},
  number  = {140},
  pages   = {1--67},
  url     = {http://jmlr.org/papers/v21/20-074.html}
}

@inproceedings{rajpurkar-etal-2018-know,
    title = "Know What You Don{'}t Know: Unanswerable Questions for {SQ}u{AD}",
    author = "Rajpurkar, Pranav  and
      Jia, Robin  and
      Liang, Percy",
    editor = "Gurevych, Iryna  and
      Miyao, Yusuke",
    booktitle = "Proceedings of the 56th Annual Meeting of the Association for Computational Linguistics (Volume 2: Short Papers)",
    month = jul,
    year = "2018",
    address = "Melbourne, Australia",
    publisher = "Association for Computational Linguistics",
    url = "https://aclanthology.org/P18-2124",
    doi = "10.18653/v1/P18-2124",
    pages = "784--789"
}

@article{srivastava2023beyond,
  title={Beyond the Imitation Game: Quantifying and extrapolating the capabilities of language models},
  author={BIG-bench authors},
  journal={Transactions on Machine Learning Research},
  issn={2835-8856},
  year={2023},
  url={https://openreview.net/forum?id=uyTL5Bvosj}
}

@inproceedings{wang-etal-2018-glue,
    title = "{GLUE}: A Multi-Task Benchmark and Analysis Platform for Natural Language Understanding",
    author = "Wang, Alex  and
      Singh, Amanpreet  and
      Michael, Julian  and
      Hill, Felix  and
      Levy, Omer  and
      Bowman, Samuel",
    editor = "Linzen, Tal  and
      Chrupa{\l}a, Grzegorz  and
      Alishahi, Afra",
    booktitle = "Proceedings of the 2018 {EMNLP} Workshop {B}lackbox{NLP}: Analyzing and Interpreting Neural Networks for {NLP}",
    month = nov,
    year = "2018",
    address = "Brussels, Belgium",
    publisher = "Association for Computational Linguistics",
    url = "https://aclanthology.org/W18-5446",
    doi = "10.18653/v1/W18-5446",
    pages = "353--355"
}

@inbook{wang-etal-2019-superglue,
author = {Wang, Alex and Pruksachatkun, Yada and Nangia, Nikita and Singh, Amanpreet and Michael, Julian and Hill, Felix and Levy, Omer and Bowman, Samuel R.},
title = {SuperGLUE: A Stickier Benchmark for General-Purpose Language Understanding Systems},
year = {2019},
publisher = {Curran Associates Inc.},
address = {Red Hook, NY, USA},
booktitle = {Proceedings of the 33rd International Conference on Neural Information Processing Systems},
articleno = {294},
numpages = {15}
}

@inproceedings{wei2022finetuned,
  title={Finetuned Language Models are Zero-Shot Learners},
  author={Jason Wei and Maarten Bosma and Vincent Zhao and Kelvin Guu and Adams Wei Yu and Brian Lester and Nan Du and Andrew M. Dai and Quoc V Le},
  booktitle={International Conference on Learning Representations},
  year={2022},
  url={https://openreview.net/forum?id=gEZrGCozdqR}
}
