@misc{zhang2023texttoimage,
      title={Text-to-image Diffusion Models in Generative AI: A Survey}, 
      author={Chenshuang Zhang and Chaoning Zhang and Mengchun Zhang and In So Kweon},
      year={2023},
      eprint={2303.07909},
      archivePrefix={arXiv},
      primaryClass={cs.CV}
}

@misc{zhang2023adding,
      title={Adding Conditional Control to Text-to-Image Diffusion Models}, 
      author={Lvmin Zhang and Anyi Rao and Maneesh Agrawala},
      year={2023},
      eprint={2302.05543},
      archivePrefix={arXiv},
      primaryClass={cs.CV}
}

@misc{mou2023t2iadapter,
      title={T2I-Adapter: Learning Adapters to Dig out More Controllable Ability for Text-to-Image Diffusion Models}, 
      author={Chong Mou and Xintao Wang and Liangbin Xie and Yanze Wu and Jian Zhang and Zhongang Qi and Ying Shan and Xiaohu Qie},
      year={2023},
      eprint={2302.08453},
      archivePrefix={arXiv},
      primaryClass={cs.CV}
}

@misc{song2022denoising,
      title={Denoising Diffusion Implicit Models}, 
      author={Jiaming Song and Chenlin Meng and Stefano Ermon},
      year={2022},
      eprint={2010.02502},
      archivePrefix={arXiv},
      primaryClass={cs.LG}
}

@inproceedings{rombach2022high,
  title={High-resolution image synthesis with latent diffusion models},
  author={Rombach, Robin and Blattmann, Andreas and Lorenz, Dominik and Esser, Patrick and Ommer, Bj{\"o}rn},
  booktitle={Proceedings of the IEEE/CVF conference on computer vision and pattern recognition},
  pages={10684--10695},
  year={2022}
}

@misc{saharia2022photorealistic,
      title={Photorealistic Text-to-Image Diffusion Models with Deep Language Understanding}, 
      author={Chitwan Saharia and William Chan and Saurabh Saxena and Lala Li and Jay Whang and Emily Denton and Seyed Kamyar Seyed Ghasemipour and Burcu Karagol Ayan and S. Sara Mahdavi and Rapha Gontijo Lopes and Tim Salimans and Jonathan Ho and David J Fleet and Mohammad Norouzi},
      year={2022},
      eprint={2205.11487},
      archivePrefix={arXiv},
      primaryClass={cs.CV}
}

@misc{yu2022scaling,
      title={Scaling Autoregressive Models for Content-Rich Text-to-Image Generation}, 
      author={Jiahui Yu and Yuanzhong Xu and Jing Yu Koh and Thang Luong and Gunjan Baid and Zirui Wang and Vijay Vasudevan and Alexander Ku and Yinfei Yang and Burcu Karagol Ayan and Ben Hutchinson and Wei Han and Zarana Parekh and Xin Li and Han Zhang and Jason Baldridge and Yonghui Wu},
      year={2022},
      eprint={2206.10789},
      archivePrefix={arXiv},
      primaryClass={cs.CV}
}

@inproceedings{BetkerImprovingIG,
  title={Improving Image Generation with Better Captions},
  author={James Betker and Gabriel Goh and Li Jing and † TimBrooks and Jianfeng Wang and Linjie Li and † LongOuyang and † JuntangZhuang and † JoyceLee and † YufeiGuo and † WesamManassra and † PrafullaDhariwal and † CaseyChu and † YunxinJiao and Aditya Ramesh},
  url={https://api.semanticscholar.org/CorpusID:264403242}
}

@misc{pernias2023wuerstchen,
      title={Wuerstchen: An Efficient Architecture for Large-Scale Text-to-Image Diffusion Models}, 
      author={Pablo Pernias and Dominic Rampas and Mats L. Richter and Christopher J. Pal and Marc Aubreville},
      year={2023},
      eprint={2306.00637},
      archivePrefix={arXiv},
      primaryClass={cs.CV}
}

@inproceedings{esser2021taming,
  title={Taming transformers for high-resolution image synthesis},
  author={Esser, Patrick and Rombach, Robin and Ommer, Bjorn},
  booktitle={Proceedings of the IEEE/CVF conference on computer vision and pattern recognition},
  pages={12873--12883},
  year={2021}
}

@misc{ho2022classifierfree,
      title={Classifier-Free Diffusion Guidance}, 
      author={Jonathan Ho and Tim Salimans},
      year={2022},
      eprint={2207.12598},
      archivePrefix={arXiv},
      primaryClass={cs.LG}
}

@misc{foret2021sharpnessaware,
      title={Sharpness-Aware Minimization for Efficiently Improving Generalization}, 
      author={Pierre Foret and Ariel Kleiner and Hossein Mobahi and Behnam Neyshabur},
      year={2021},
      eprint={2010.01412},
      archivePrefix={arXiv},
      primaryClass={cs.LG}
}

@misc{luo2023latent,
      title={Latent Consistency Models: Synthesizing High-Resolution Images with Few-Step Inference}, 
      author={Simian Luo and Yiqin Tan and Longbo Huang and Jian Li and Hang Zhao},
      year={2023},
      eprint={2310.04378},
      archivePrefix={arXiv},
      primaryClass={cs.CV}
}

@misc{luo2023lcmlora,
      title={LCM-LoRA: A Universal Stable-Diffusion Acceleration Module}, 
      author={Simian Luo and Yiqin Tan and Suraj Patil and Daniel Gu and Patrick von Platen and Apolinário Passos and Longbo Huang and Jian Li and Hang Zhao},
      year={2023},
      eprint={2311.05556},
      archivePrefix={arXiv},
      primaryClass={cs.CV}
}

@inproceedings{hu2022lora,
  title={Lo{RA}: Low-Rank Adaptation of Large Language Models},
  author={Edward J Hu and yelong shen and Phillip Wallis and Zeyuan Allen-Zhu and Yuanzhi Li and Shean Wang and Lu Wang and Weizhu Chen},
  booktitle={International Conference on Learning Representations},
  year={2022},
  url={https://openreview.net/forum?id=nZeVKeeFYf9}
}

@misc{gu2023mixofshow,
      title={Mix-of-Show: Decentralized Low-Rank Adaptation for Multi-Concept Customization of Diffusion Models}, 
      author={Yuchao Gu and Xintao Wang and Jay Zhangjie Wu and Yujun Shi and Yunpeng Chen and Zihan Fan and Wuyou Xiao and Rui Zhao and Shuning Chang and Weijia Wu and Yixiao Ge and Ying Shan and Mike Zheng Shou},
      year={2023},
      eprint={2305.18292},
      archivePrefix={arXiv},
      primaryClass={cs.CV}
}

@misc{gal2022image,
      title={An Image is Worth One Word: Personalizing Text-to-Image Generation using Textual Inversion}, 
      author={Rinon Gal and Yuval Alaluf and Yuval Atzmon and Or Patashnik and Amit H. Bermano and Gal Chechik and Daniel Cohen-Or},
      year={2022},
      eprint={2208.01618},
      archivePrefix={arXiv},
      primaryClass={cs.CV}
}

@misc{rombach2022highresolution,
      title={High-Resolution Image Synthesis with Latent Diffusion Models}, 
      author={Robin Rombach and Andreas Blattmann and Dominik Lorenz and Patrick Esser and Björn Ommer},
      year={2022},
      eprint={2112.10752},
      archivePrefix={arXiv},
      primaryClass={cs.CV}
}

@article{ramesh2022hierarchical,
  title={Hierarchical text-conditional image generation with clip latents},
  author={Ramesh, Aditya and Dhariwal, Prafulla and Nichol, Alex and Chu, Casey and Chen, Mark},
  journal={arXiv preprint arXiv:2204.06125},
  volume={1},
  number={2},
  pages={3},
  year={2022}
}

@misc{nichol2022glide,
      title={GLIDE: Towards Photorealistic Image Generation and Editing with Text-Guided Diffusion Models}, 
      author={Alex Nichol and Prafulla Dhariwal and Aditya Ramesh and Pranav Shyam and Pamela Mishkin and Bob McGrew and Ilya Sutskever and Mark Chen},
      year={2022},
      eprint={2112.10741},
      archivePrefix={arXiv},
      primaryClass={cs.CV}
}

@misc{karras2022elucidating,
      title={Elucidating the Design Space of Diffusion-Based Generative Models}, 
      author={Tero Karras and Miika Aittala and Timo Aila and Samuli Laine},
      year={2022},
      eprint={2206.00364},
      archivePrefix={arXiv},
      primaryClass={cs.CV}
}

@misc{lu2023dpmsolver,
      title={DPM-Solver++: Fast Solver for Guided Sampling of Diffusion Probabilistic Models}, 
      author={Cheng Lu and Yuhao Zhou and Fan Bao and Jianfei Chen and Chongxuan Li and Jun Zhu},
      year={2023},
      eprint={2211.01095},
      archivePrefix={arXiv},
      primaryClass={cs.LG}
}

@misc{ho2020denoising,
      title={Denoising Diffusion Probabilistic Models}, 
      author={Jonathan Ho and Ajay Jain and Pieter Abbeel},
      year={2020},
      eprint={2006.11239},
      archivePrefix={arXiv},
      primaryClass={cs.LG}
}

@misc{child2019generating,
      title={Generating Long Sequences with Sparse Transformers}, 
      author={Rewon Child and Scott Gray and Alec Radford and Ilya Sutskever},
      year={2019},
      eprint={1904.10509},
      archivePrefix={arXiv},
      primaryClass={cs.LG}
}

@misc{ramesh2021zeroshot,
      title={Zero-Shot Text-to-Image Generation}, 
      author={Aditya Ramesh and Mikhail Pavlov and Gabriel Goh and Scott Gray and Chelsea Voss and Alec Radford and Mark Chen and Ilya Sutskever},
      year={2021},
      eprint={2102.12092},
      archivePrefix={arXiv},
      primaryClass={cs.CV}
}

@misc{li2019controllable,
      title={Controllable Text-to-Image Generation}, 
      author={Bowen Li and Xiaojuan Qi and Thomas Lukasiewicz and Philip H. S. Torr},
      year={2019},
      eprint={1909.07083},
      archivePrefix={arXiv},
      primaryClass={cs.CV}
}

@misc{reed2016generative,
      title={Generative Adversarial Text to Image Synthesis}, 
      author={Scott Reed and Zeynep Akata and Xinchen Yan and Lajanugen Logeswaran and Bernt Schiele and Honglak Lee},
      year={2016},
      eprint={1605.05396},
      archivePrefix={arXiv},
      primaryClass={cs.NE}
}

@misc{mansimov2016generating,
      title={Generating Images from Captions with Attention}, 
      author={Elman Mansimov and Emilio Parisotto and Jimmy Lei Ba and Ruslan Salakhutdinov},
      year={2016},
      eprint={1511.02793},
      archivePrefix={arXiv},
      primaryClass={cs.LG}
}

@misc{gregor2015draw,
      title={DRAW: A Recurrent Neural Network For Image Generation}, 
      author={Karol Gregor and Ivo Danihelka and Alex Graves and Danilo Jimenez Rezende and Daan Wierstra},
      year={2015},
      eprint={1502.04623},
      archivePrefix={arXiv},
      primaryClass={cs.CV}
}

@article{le2020contrastive,
  title={Contrastive representation learning: A framework and review},
  author={Le-Khac, Phuc H and Healy, Graham and Smeaton, Alan F},
  journal={Ieee Access},
  volume={8},
  pages={193907--193934},
  year={2020},
  publisher={IEEE}
}

@article{jaiswal2020survey,
  title={A survey on contrastive self-supervised learning},
  author={Jaiswal, Ashish and Babu, Ashwin Ramesh and Zadeh, Mohammad Zaki and Banerjee, Debapriya and Makedon, Fillia},
  journal={Technologies},
  volume={9},
  number={1},
  pages={2},
  year={2020},
  publisher={MDPI}
}

@misc{zimmermann2022contrastive,
      title={Contrastive Learning Inverts the Data Generating Process}, 
      author={Roland S. Zimmermann and Yash Sharma and Steffen Schneider and Matthias Bethge and Wieland Brendel},
      year={2022},
      eprint={2102.08850},
      archivePrefix={arXiv},
      primaryClass={cs.LG}
}

@misc{dawid2023introduction,
      title={Introduction to Latent Variable Energy-Based Models: A Path Towards Autonomous Machine Intelligence}, 
      author={Anna Dawid and Yann LeCun},
      year={2023},
      eprint={2306.02572},
      archivePrefix={arXiv},
      primaryClass={cs.LG}
}

@article{khosla2020supervised,
  title={Supervised contrastive learning},
  author={Khosla, Prannay and Teterwak, Piotr and Wang, Chen and Sarna, Aaron and Tian, Yonglong and Isola, Phillip and Maschinot, Aaron and Liu, Ce and Krishnan, Dilip},
  journal={Advances in neural information processing systems},
  volume={33},
  pages={18661--18673},
  year={2020}
}

@article{dangovski2021equivariant,
  title={Equivariant contrastive learning},
  author={Dangovski, Rumen and Jing, Li and Loh, Charlotte and Han, Seungwook and Srivastava, Akash and Cheung, Brian and Agrawal, Pulkit and Solja{\v{c}}i{\'c}, Marin},
  journal={arXiv preprint arXiv:2111.00899},
  year={2021}
}

@article{su2022one,
  title={One embedder, any task: Instruction-finetuned text embeddings},
  author={Su, Hongjin and Kasai, Jungo and Wang, Yizhong and Hu, Yushi and Ostendorf, Mari and Yih, Wen-tau and Smith, Noah A and Zettlemoyer, Luke and Yu, Tao and others},
  journal={arXiv preprint arXiv:2212.09741},
  year={2022}
}

@misc{radford2021learning,
      title={Learning Transferable Visual Models From Natural Language Supervision}, 
      author={Alec Radford and Jong Wook Kim and Chris Hallacy and Aditya Ramesh and Gabriel Goh and Sandhini Agarwal and Girish Sastry and Amanda Askell and Pamela Mishkin and Jack Clark and Gretchen Krueger and Ilya Sutskever},
      year={2021},
      eprint={2103.00020},
      archivePrefix={arXiv},
      primaryClass={cs.CV}
}
@misc{schuhmann2022laion5b,
      title={LAION-5B: An open large-scale dataset for training next generation image-text models}, 
      author={Christoph Schuhmann and Romain Beaumont and Richard Vencu and Cade Gordon and Ross Wightman and Mehdi Cherti and Theo Coombes and Aarush Katta and Clayton Mullis and Mitchell Wortsman and Patrick Schramowski and Srivatsa Kundurthy and Katherine Crowson and Ludwig Schmidt and Robert Kaczmarczyk and Jenia Jitsev},
      year={2022},
      eprint={2210.08402},
      archivePrefix={arXiv},
      primaryClass={cs.CV}
      }

@inproceedings{girdhar2023imagebind,
  title={Imagebind: One embedding space to bind them all},
  author={Girdhar, Rohit and El-Nouby, Alaaeldin and Liu, Zhuang and Singh, Mannat and Alwala, Kalyan Vasudev and Joulin, Armand and Misra, Ishan},
  booktitle={Proceedings of the IEEE/CVF Conference on Computer Vision and Pattern Recognition},
  pages={15180--15190},
  year={2023}
}

@misc{mokady2021clipcap,
      title={ClipCap: CLIP Prefix for Image Captioning}, 
      author={Ron Mokady and Amir Hertz and Amit H. Bermano},
      year={2021},
      eprint={2111.09734},
      archivePrefix={arXiv},
      primaryClass={cs.CV}
}

@article{li2023decap,
  title={DeCap: Decoding CLIP Latents for Zero-Shot Captioning via Text-Only Training},
  author={Li, Wei and Zhu, Linchao and Wen, Longyin and Yang, Yi},
  journal={arXiv preprint arXiv:2303.03032},
  year={2023}
}

@article{nukrai2022text,
  title={Text-only training for image captioning using noise-injected clip},
  author={Nukrai, David and Mokady, Ron and Globerson, Amir},
  journal={arXiv preprint arXiv:2211.00575},
  year={2022}
}

@misc{lee2019set,
      title={Set Transformer: A Framework for Attention-based Permutation-Invariant Neural Networks}, 
      author={Juho Lee and Yoonho Lee and Jungtaek Kim and Adam R. Kosiorek and Seungjin Choi and Yee Whye Teh},
      year={2019},
      eprint={1810.00825},
      archivePrefix={arXiv},
      primaryClass={cs.LG}
}

@article{yu2022coca,
  title={Coca: Contrastive captioners are image-text foundation models},
  author={Yu, Jiahui and Wang, Zirui and Vasudevan, Vijay and Yeung, Legg and Seyedhosseini, Mojtaba and Wu, Yonghui},
  journal={arXiv preprint arXiv:2205.01917},
  year={2022}
}