@audio{hiphi2019,
  author={Barry Lam},
  title={The Illusionist},
  year=2019,
  series={HiPhi nation podcast},
  url={https://hiphination.org/season-3-episodes/s3-episode-9-the-illusionist-jun-8-2019/}
}

@Misc{santos2014,
  author = 	 {Santos, Jo√£o Felipe},
  title = 	 {Speech signal representations},
  year = 	 {2014},
  url = {http://www.seaandsailor.com/initial_representation.html}
}

