@inproceedings{devlin2018bert,
    title = "{BERT}: Pre-training of Deep Bidirectional Transformers for Language Understanding",
    author = "Devlin, Jacob  and
      Chang, Ming-Wei  and
      Lee, Kenton  and
      Toutanova, Kristina",
    booktitle = "Proceedings of the 2019 Conference of the North {A}merican Chapter of the Association for Computational Linguistics: Human Language Technologies, Volume 1 (Long and Short Papers)",
    month = jun,
    year = "2019",
    address = "Minneapolis, Minnesota",
    publisher = "Association for Computational Linguistics",
    url = "https://aclanthology.org/N19-1423",
    doi = "10.18653/v1/N19-1423",
    pages = "4171--4186"
}

@article{joshi-etal-2020-spanbert,
    title = "{S}pan{BERT}: Improving Pre-training by Representing and Predicting Spans",
    author = "Joshi, Mandar  and
      Chen, Danqi  and
      Liu, Yinhan  and
      Weld, Daniel S.  and
      Zettlemoyer, Luke  and
      Levy, Omer",
    journal = "Transactions of the Association for Computational Linguistics",
    volume = "8",
    year = "2020",
    address = "Cambridge, MA",
    publisher = "MIT Press",
    url = "https://aclanthology.org/2020.tacl-1.5",
    doi = "10.1162/tacl_a_00300",
    pages = "64--77"
}

@inproceedings{Lan2020ALBERT:,
    title={ALBERT: A Lite BERT for Self-supervised Learning of Language Representations},
    author={Zhenzhong Lan and Mingda Chen and Sebastian Goodman and Kevin Gimpel and Piyush Sharma and Radu Soricut},
    booktitle={International Conference on Learning Representations},
    year={2020},
    url={https://openreview.net/forum?id=H1eA7AEtvS}
}

@article{liu2019roberta,
  title={Roberta: A robustly optimized bert pretraining approach},
  author={Liu, Yinhan and Ott, Myle and Goyal, Naman and Du, Jingfei and Joshi, Mandar and Chen, Danqi and Levy, Omer and Lewis, Mike and Zettlemoyer, Luke and Stoyanov, Veselin},
  journal={arXiv preprint arXiv:1907.11692},
  year={2019}
}

@inbook{yang2019xlnet,
    author = {Yang, Zhilin and Dai, Zihang and Yang, Yiming and Carbonell, Jaime and Salakhutdinov, Ruslan and Le, Quoc V.},
    title = {XLNet: Generalized Autoregressive Pretraining for Language Understanding},
    year = {2019},
    publisher = {Curran Associates Inc.},
    address = {Red Hook, NY, USA},
    booktitle = {Proceedings of the 33rd International Conference on Neural Information Processing Systems},
    articleno = {517},
    numpages = {11}
}
