@inproceedings{kipyatkova2016dnn,
  title={DNN-based acoustic modeling for Russian speech recognition using Kaldi},
  author={Kipyatkova, Irina and Karpov, Alexey},
  booktitle={Speech and Computer: 18th International Conference, SPECOM 2016, Budapest, Hungary, August 23-27, 2016, Proceedings 18},
  pages={246--253},
  year={2016},
  organization={Springer},
  url= {https://tinyurl.com/38bewvex}
}

@article{hannun2014deep,
  title={Deep speech: Scaling up end-to-end speech recognition},
  author={Hannun, Awni and Case, Carl and Casper, Jared and Catanzaro, Bryan and Diamos, Greg and Elsen, Erich and Prenger, Ryan and Satheesh, Sanjeev and Sengupta, Shubho and Coates, Adam and others},
  journal={arXiv preprint arXiv:1412.5567},
  year={2014},
  url={https://arxiv.org/pdf/1412.5567.pdf}
}

@article{hannun2017sequence,
  title={Sequence modeling with ctc},
  author={Hannun, Awni},
  journal={Distill},
  volume={2},
  number={11},
  pages={e8},
  year={2017},
  url={https://distill.pub/2017/ctc/}
}
